<?xml version="1.0" encoding="UTF-8"?>
<!DOCTYPE html PUBLIC "-//W3C//DTD XHTML 1.0 Transitional//EN"
    "http://www.w3.org/TR/xhtml1/DTD/xhtml1-transitional.dtd">
<html xmlns="http://www.w3.org/1999/xhtml" xml:lang="en" lang="en">
 <head>
  <title>
</title>
<meta http-equiv="Content-Type" content="text/html;charset=utf-8" />
  <meta name='ocr-system' content='tesseract 3.04.00' />
  <meta name='ocr-capabilities' content='ocr_page ocr_carea ocr_par ocr_line ocrx_word'/>
</head>
<body>
  <div class='ocr_page' id='page_1' title='image "./workshoracewith01lincgoog_0188.png"; bbox 0 0 2742 4250; ppageno 0'>
   <div class='ocr_carea' id='block_1_1' title="bbox 216 190 788 259">
    <p class='ocr_par' dir='ltr' id='par_1_1' title="bbox 216 190 788 259">
     <span class='ocr_line' id='line_1_1' title="bbox 216 190 788 259; baseline -0.007 -1"><span class='ocrx_word' id='word_1_1' title='bbox 216 190 281 259; x_wconf 72' lang='lat' dir='ltr'><strong>tra</strong></span> <span class='ocrx_word' id='word_1_2' title='bbox 639 204 788 255; x_wconf 75' lang='lat' dir='ltr'><strong>monor</strong></span> 
     </span>
    </p>
   </div>
   <div class='ocr_carea' id='block_1_2' title="bbox 222 362 1078 3128">
    <p class='ocr_par' dir='ltr' id='par_1_2' title="bbox 295 362 924 525">
     <span class='ocr_line' id='line_1_2' title="bbox 295 362 924 445; baseline 0 -18"><span class='ocrx_word' id='word_1_3' title='bbox 295 366 481 444; x_wconf 79' lang='lat' dir='ltr'><strong>Forumque</strong></span> <span class='ocrx_word' id='word_1_4' title='bbox 497 362 584 441; x_wconf 81' lang='lat' dir='ltr'><strong>vitat,</strong></span> <span class='ocrx_word' id='word_1_5' title='bbox 599 374 632 426; x_wconf 90' lang='lat' dir='ltr'><strong>et</strong></span> <span class='ocrx_word' id='word_1_6' title='bbox 646 364 786 445; x_wconf 84' lang='lat' dir='ltr'><strong>superba</strong></span> <span class='ocrx_word' id='word_1_7' title='bbox 800 364 924 427; x_wconf 83' lang='lat' dir='ltr'><strong>civium</strong></span> 
     </span>
     <span class='ocr_line' id='line_1_3' title="bbox 337 462 695 525; baseline -0.003 0"><span class='ocrx_word' id='word_1_8' title='bbox 337 462 557 525; x_wconf 79' lang='lat' dir='ltr'><strong>Potentiorum</strong></span> <span class='ocrx_word' id='word_1_9' title='bbox 572 462 695 524; x_wconf 87' lang='lat' dir='ltr'><strong>limina.</strong></span> 
     </span>
    </p>

    <p class='ocr_par' dir='ltr' id='par_1_3' title="bbox 293 561 905 742">
     <span class='ocr_line' id='line_1_4' title="bbox 293 561 905 645; baseline 0 -20"><span class='ocrx_word' id='word_1_10' title='bbox 293 562 384 643; x_wconf 89' lang='lat' dir='ltr'><strong>Ergo</strong></span> <span class='ocrx_word' id='word_1_11' title='bbox 398 572 457 624; x_wconf 89' lang='lat' dir='ltr'><strong>aut</strong></span> <span class='ocrx_word' id='word_1_12' title='bbox 471 561 585 623; x_wconf 91' lang='lat' dir='ltr'><strong>adulta</strong></span> <span class='ocrx_word' id='word_1_13' title='bbox 598 562 717 624; x_wconf 84' lang='lat' dir='ltr'><strong>vitium</strong></span> <span class='ocrx_word' id='word_1_14' title='bbox 730 562 905 645; x_wconf 83' lang='lat' dir='ltr'>propagine</span> 
     </span>
     <span class='ocr_line' id='line_1_5' title="bbox 336 661 732 742; baseline -0.003 -19"><span class='ocrx_word' id='word_1_15' title='bbox 336 661 429 724; x_wconf 89' lang='lat' dir='ltr'><strong>Altas</strong></span> <span class='ocrx_word' id='word_1_16' title='bbox 444 661 574 723; x_wconf 89' lang='lat' dir='ltr'><strong>maritat</strong></span> <span class='ocrx_word' id='word_1_17' title='bbox 588 661 732 742; x_wconf 91' lang='lat' dir='ltr'><strong>populos,</strong></span> 
     </span>
    </p>

    <p class='ocr_par' dir='ltr' id='par_1_4' title="bbox 293 760 895 942">
     <span class='ocr_line' id='line_1_6' title="bbox 293 760 895 842; baseline 0 -19"><span class='ocrx_word' id='word_1_18' title='bbox 293 762 360 824; x_wconf 82' lang='lat' dir='ltr'><strong>Aut</strong></span> <span class='ocrx_word' id='word_1_19' title='bbox 376 762 410 822; x_wconf 91' lang='lat' dir='ltr'><strong>in</strong></span> <span class='ocrx_word' id='word_1_20' title='bbox 425 760 558 823; x_wconf 88' lang='lat' dir='ltr'><strong>reducta</strong></span> <span class='ocrx_word' id='word_1_21' title='bbox 572 760 658 822; x_wconf 87' lang='lat' dir='ltr'><strong>valle</strong></span> <span class='ocrx_word' id='word_1_22' title='bbox 673 760 895 842; x_wconf 86' lang='lat' dir='ltr'><strong>mugientium</strong></span> 
     </span>
     <span class='ocr_line' id='line_1_7' title="bbox 340 862 826 942; baseline -0.002 -19"><span class='ocrx_word' id='word_1_23' title='bbox 340 862 525 942; x_wconf 81' lang='lat' dir='ltr'>Prospectat</span> <span class='ocrx_word' id='word_1_24' title='bbox 538 870 680 922; x_wconf 82' lang='lat' dir='ltr'><strong>errantes</strong></span> <span class='ocrx_word' id='word_1_25' title='bbox 695 880 826 942; x_wconf 86' lang='lat' dir='ltr'><strong>greges:</strong></span> 
     </span>
    </p>

    <p class='ocr_par' dir='ltr' id='par_1_5' title="bbox 297 959 914 1041">
     <span class='ocr_line' id='line_1_8' title="bbox 297 959 914 1041; baseline -0.002 -19"><span class='ocrx_word' id='word_1_26' title='bbox 297 960 497 1040; x_wconf 89' lang='lat' dir='ltr'><strong>lnutilesque</strong></span> <span class='ocrx_word' id='word_1_27' title='bbox 511 959 594 1021; x_wconf 88' lang='lat' dir='ltr'><strong>falce</strong></span> <span class='ocrx_word' id='word_1_28' title='bbox 609 979 716 1021; x_wconf 88' lang='lat' dir='ltr'><strong>ramos</strong></span> <span class='ocrx_word' id='word_1_29' title='bbox 731 970 914 1041; x_wconf 79' lang='lat' dir='ltr'><strong>amputans,</strong></span> 
     </span>
    </p>

    <p class='ocr_par' dir='ltr' id='par_1_6' title="bbox 222 1058 657 1140">
     <span class='ocr_line' id='line_1_9' title="bbox 222 1058 657 1140; baseline 0.002 -20"><span class='ocrx_word' id='word_1_30' title='bbox 222 1100 226 1108; x_wconf 88' lang='lat'><em>·</em></span> <span class='ocrx_word' id='word_1_31' title='bbox 339 1060 512 1121; x_wconf 83' lang='lat' dir='ltr'><strong>Feliciores</strong></span> <span class='ocrx_word' id='word_1_32' title='bbox 526 1058 636 1122; x_wconf 89' lang='lat' dir='ltr'><strong>inserit</strong></span> <span class='ocrx_word' id='word_1_33' title='bbox 649 1081 657 1140; x_wconf 91' lang='lat'>;</span> 
     </span>
    </p>

    <p class='ocr_par' dir='ltr' id='par_1_7' title="bbox 294 1156 1013 1338">
     <span class='ocr_line' id='line_1_10' title="bbox 294 1156 1013 1241; baseline 0 -20"><span class='ocrx_word' id='word_1_34' title='bbox 294 1160 360 1221; x_wconf 86' lang='lat' dir='ltr'><strong>Aut</strong></span> <span class='ocrx_word' id='word_1_35' title='bbox 374 1178 484 1239; x_wconf 83' lang='lat' dir='ltr'><strong>pressa</strong></span> <span class='ocrx_word' id='word_1_36' title='bbox 497 1160 586 1239; x_wconf 88' lang='lat' dir='ltr'><strong>puris</strong></span> <span class='ocrx_word' id='word_1_37' title='bbox 600 1158 698 1220; x_wconf 88' lang='lat' dir='ltr'><strong>mella</strong></span> <span class='ocrx_word' id='word_1_38' title='bbox 713 1156 824 1221; x_wconf 88' lang='lat' dir='ltr'><strong>condit</strong></span> <span class='ocrx_word' id='word_1_39' title='bbox 840 1159 1013 1241; x_wconf 89' lang='lat' dir='ltr'><strong>amphoris,</strong></span> 
     </span>
     <span class='ocr_line' id='line_1_11' title="bbox 335 1256 805 1338; baseline 0.002 -20"><span class='ocrx_word' id='word_1_40' title='bbox 335 1257 403 1319; x_wconf 82' lang='lat' dir='ltr'><strong>Aut</strong></span> <span class='ocrx_word' id='word_1_41' title='bbox 418 1256 532 1319; x_wconf 90' lang='lat' dir='ltr'><strong>tondet</strong></span> <span class='ocrx_word' id='word_1_42' title='bbox 547 1256 694 1319; x_wconf 89' lang='lat' dir='ltr'><strong>infirmas</strong></span> <span class='ocrx_word' id='word_1_43' title='bbox 708 1276 805 1338; x_wconf 87' lang='lat' dir='ltr'><strong>oves;</strong></span> 
     </span>
    </p>

    <p class='ocr_par' dir='ltr' id='par_1_8' title="bbox 296 1356 1008 1538">
     <span class='ocr_line' id='line_1_12' title="bbox 296 1356 1008 1439; baseline 0.001 -22"><span class='ocrx_word' id='word_1_44' title='bbox 296 1356 362 1435; x_wconf 84' lang='lat' dir='ltr'><strong>Vel,</strong></span> <span class='ocrx_word' id='word_1_45' title='bbox 377 1376 455 1419; x_wconf 91' lang='lat' dir='ltr'><strong>cum</strong></span> <span class='ocrx_word' id='word_1_46' title='bbox 469 1356 621 1419; x_wconf 88' lang='lat' dir='ltr'><strong>decorum</strong></span> <span class='ocrx_word' id='word_1_47' title='bbox 636 1357 769 1419; x_wconf 90' lang='lat' dir='ltr'><strong>mitibus</strong></span> <span class='ocrx_word' id='word_1_48' title='bbox 784 1358 889 1439; x_wconf 87' lang='lat' dir='ltr'><strong>pomis</strong></span> <span class='ocrx_word' id='word_1_49' title='bbox 909 1367 1008 1439; x_wconf 88' lang='lat' dir='ltr'><strong>caput</strong></span> 
     </span>
     <span class='ocr_line' id='line_1_13' title="bbox 339 1456 790 1538; baseline -0.002 -20"><span class='ocrx_word' id='word_1_50' title='bbox 339 1457 549 1518; x_wconf 85' lang='lat' dir='ltr'><strong>Aucturrmus</strong></span> <span class='ocrx_word' id='word_1_51' title='bbox 563 1457 649 1538; x_wconf 87' lang='lat' dir='ltr'><strong>agris</strong></span> <span class='ocrx_word' id='word_1_52' title='bbox 663 1456 790 1535; x_wconf 85' lang='lat' dir='ltr'><strong>extulit,</strong></span> 
     </span>
    </p>

    <p class='ocr_par' dir='ltr' id='par_1_9' title="bbox 298 1554 954 1737">
     <span class='ocr_line' id='line_1_14' title="bbox 298 1554 918 1638; baseline 0 -21"><span class='ocrx_word' id='word_1_53' title='bbox 298 1555 342 1617; x_wconf 93' lang='lat' dir='ltr'><strong>Ut</strong></span> <span class='ocrx_word' id='word_1_54' title='bbox 357 1554 477 1636; x_wconf 90' lang='lat' dir='ltr'><strong>gaudet</strong></span> <span class='ocrx_word' id='word_1_55' title='bbox 492 1555 623 1617; x_wconf 86' lang='lat' dir='ltr'><strong>insitiva</strong></span> <span class='ocrx_word' id='word_1_56' title='bbox 637 1555 812 1638; x_wconf 87' lang='lat' dir='ltr'><strong>decerpens</strong></span> <span class='ocrx_word' id='word_1_57' title='bbox 828 1575 918 1638; x_wconf 87' lang='lat' dir='ltr'><strong>pyra,</strong></span> 
     </span>
     <span class='ocr_line' id='line_1_15' title="bbox 343 1656 954 1737; baseline 0.002 -21"><span class='ocrx_word' id='word_1_58' title='bbox 343 1656 528 1717; x_wconf 86' lang='lat' dir='ltr'><strong>Certantem</strong></span> <span class='ocrx_word' id='word_1_59' title='bbox 543 1665 574 1716; x_wconf 88' lang='lat' dir='ltr'><strong>et</strong></span> <span class='ocrx_word' id='word_1_60' title='bbox 589 1675 691 1717; x_wconf 86' lang='lat' dir='ltr'><strong>uvam</strong></span> <span class='ocrx_word' id='word_1_61' title='bbox 706 1675 875 1737; x_wconf 85' lang='lat' dir='ltr'><strong>purpurae,</strong></span> <span class='ocrx_word' id='word_1_62' title='bbox 950 1668 954 1679; x_wconf 91' lang='grc'><strong>’</strong></span> 
     </span>
    </p>

    <p class='ocr_par' dir='ltr' id='par_1_10' title="bbox 297 1756 981 1933">
     <span class='ocr_line' id='line_1_16' title="bbox 297 1756 981 1837; baseline 0.003 -22"><span class='ocrx_word' id='word_1_63' title='bbox 297 1756 376 1822; x_wconf 77' lang='lat' dir='ltr'><strong>Qua</strong></span> <span class='ocrx_word' id='word_1_64' title='bbox 391 1765 581 1817; x_wconf 86' lang='lat' dir='ltr'><strong>muneretur</strong></span> <span class='ocrx_word' id='word_1_65' title='bbox 596 1765 636 1835; x_wconf 89' lang='lat' dir='ltr'><strong>te,</strong></span> <span class='ocrx_word' id='word_1_66' title='bbox 652 1756 775 1837; x_wconf 83' lang='lat' dir='ltr'><strong>Priape,</strong></span> <span class='ocrx_word' id='word_1_67' title='bbox 791 1765 823 1817; x_wconf 89' lang='lat' dir='ltr'><strong>ct</strong></span> <span class='ocrx_word' id='word_1_68' title='bbox 837 1765 876 1835; x_wconf 91' lang='lat' dir='ltr'><strong>te,</strong></span> <span class='ocrx_word' id='word_1_69' title='bbox 892 1765 981 1837; x_wconf 89' lang='lat' dir='ltr'><strong>pater</strong></span> 
     </span>
     <span class='ocr_line' id='line_1_17' title="bbox 340 1853 737 1933; baseline 0.003 -18"><span class='ocrx_word' id='word_1_70' title='bbox 340 1853 482 1933; x_wconf 82' lang='lat' dir='ltr'><strong>Silvano,</strong></span> <span class='ocrx_word' id='word_1_71' title='bbox 499 1864 584 1916; x_wconf 90' lang='lat' dir='ltr'><strong>tutor</strong></span> <span class='ocrx_word' id='word_1_72' title='bbox 598 1854 715 1916; x_wconf 88' lang='lat' dir='ltr'><strong>finium</strong></span> <span class='ocrx_word' id='word_1_73' title='bbox 729 1855 737 1916; x_wconf 85' lang='lat' dir='ltr'><strong>l</strong></span> 
     </span>
    </p>

    <p class='ocr_par' dir='ltr' id='par_1_11' title="bbox 298 1952 940 2134">
     <span class='ocr_line' id='line_1_18' title="bbox 298 1952 940 2035; baseline 0.003 -22"><span class='ocrx_word' id='word_1_74' title='bbox 298 1952 391 2014; x_wconf 85' lang='lat' dir='ltr'><strong>Libet</strong></span> <span class='ocrx_word' id='word_1_75' title='bbox 400 1954 506 2035; x_wconf 87' lang='lat' dir='ltr'><strong>jacere</strong></span> <span class='ocrx_word' id='word_1_76' title='bbox 521 1952 617 2015; x_wconf 93' lang='lat' dir='ltr'><strong>modo</strong></span> <span class='ocrx_word' id='word_1_77' title='bbox 632 1954 694 2016; x_wconf 91' lang='lat' dir='ltr'><strong>sub</strong></span> <span class='ocrx_word' id='word_1_78' title='bbox 709 1954 844 2035; x_wconf 91' lang='lat' dir='ltr'><strong>antiqua</strong></span> <span class='ocrx_word' id='word_1_79' title='bbox 859 1953 940 2033; x_wconf 83' lang='lat' dir='ltr'><strong>ilice,</strong></span> 
     </span>
     <span class='ocr_line' id='line_1_19' title="bbox 341 2050 777 2134; baseline 0.005 -21"><span class='ocrx_word' id='word_1_80' title='bbox 341 2050 438 2113; x_wconf 88' lang='lat' dir='ltr'><strong>Modo</strong></span> <span class='ocrx_word' id='word_1_81' title='bbox 453 2053 487 2113; x_wconf 94' lang='lat' dir='ltr'><strong>in</strong></span> <span class='ocrx_word' id='word_1_82' title='bbox 502 2052 608 2115; x_wconf 90' lang='lat' dir='ltr'><strong>tenaci</strong></span> <span class='ocrx_word' id='word_1_83' title='bbox 623 2052 777 2134; x_wconf 90' lang='lat' dir='ltr'><strong>gramine.</strong></span> 
     </span>
    </p>

    <p class='ocr_par' dir='ltr' id='par_1_12' title="bbox 299 2150 920 2331">
     <span class='ocr_line' id='line_1_20' title="bbox 299 2150 920 2234; baseline 0.003 -22"><span class='ocrx_word' id='word_1_84' title='bbox 299 2150 470 2213; x_wconf 89' lang='lat' dir='ltr'><strong>Labuntur</strong></span> <span class='ocrx_word' id='word_1_85' title='bbox 486 2152 559 2214; x_wconf 91' lang='lat' dir='ltr'><strong>altis</strong></span> <span class='ocrx_word' id='word_1_86' title='bbox 574 2153 702 2217; x_wconf 87' lang='lat' dir='ltr'><strong>interim</strong></span> <span class='ocrx_word' id='word_1_87' title='bbox 716 2153 792 2234; x_wconf 91' lang='lat' dir='ltr'><strong>ripis</strong></span> <span class='ocrx_word' id='word_1_88' title='bbox 807 2173 920 2234; x_wconf 90' lang='lat' dir='ltr'><strong>aquae,</strong></span> 
     </span>
     <span class='ocr_line' id='line_1_21' title="bbox 340 2251 787 2331; baseline 0.004 -19"><span class='ocrx_word' id='word_1_89' title='bbox 340 2251 533 2320; x_wconf 81' lang='lat' dir='ltr'><strong>Queruntur</strong></span> <span class='ocrx_word' id='word_1_90' title='bbox 547 2252 581 2313; x_wconf 92' lang='lat' dir='ltr'><strong>in</strong></span> <span class='ocrx_word' id='word_1_91' title='bbox 596 2251 686 2314; x_wconf 87' lang='lat' dir='ltr'><strong>silvis</strong></span> <span class='ocrx_word' id='word_1_92' title='bbox 702 2270 787 2331; x_wconf 78' lang='lat' dir='ltr'><strong>aveS,</strong></span> 
     </span>
    </p>

    <p class='ocr_par' dir='ltr' id='par_1_13' title="bbox 299 2350 1078 2530">
     <span class='ocr_line' id='line_1_22' title="bbox 299 2350 1078 2433; baseline 0.001 -21"><span class='ocrx_word' id='word_1_93' title='bbox 299 2351 483 2430; x_wconf 83' lang='lat' dir='ltr'><strong>Fontesque</strong></span> <span class='ocrx_word' id='word_1_94' title='bbox 499 2350 641 2433; x_wconf 90' lang='lat' dir='ltr'><strong>lymphis</strong></span> <span class='ocrx_word' id='word_1_95' title='bbox 656 2353 846 2433; x_wconf 88' lang='lat' dir='ltr'><strong>obstrepunt</strong></span> <span class='ocrx_word' id='word_1_96' title='bbox 860 2352 1078 2430; x_wconf 66' lang='lat' dir='ltr'><strong>manantibus</strong></span> 
     </span>
     <span class='ocr_line' id='line_1_23' title="bbox 345 2450 826 2530; baseline 0 -18"><span class='ocrx_word' id='word_1_97' title='bbox 345 2450 484 2512; x_wconf 87' lang='lat' dir='ltr'><strong>Somnos</strong></span> <span class='ocrx_word' id='word_1_98' title='bbox 499 2450 586 2530; x_wconf 90' lang='lat' dir='ltr'><strong>quod</strong></span> <span class='ocrx_word' id='word_1_99' title='bbox 601 2452 715 2514; x_wconf 89' lang='lat' dir='ltr'><strong>invitet</strong></span> <span class='ocrx_word' id='word_1_100' title='bbox 730 2450 826 2513; x_wconf 76' lang='lat' dir='ltr'><strong>leves,</strong></span> 
     </span>
    </p>

    <p class='ocr_par' dir='ltr' id='par_1_14' title="bbox 306 2535 988 2732">
     <span class='ocr_line' id='line_1_24' title="bbox 306 2535 988 2614; baseline 0 -2"><span class='ocrx_word' id='word_1_101' title='bbox 306 2550 346 2612; x_wconf 89' lang='lat' dir='ltr'><strong>At</strong></span> <span class='ocrx_word' id='word_1_102' title='bbox 360 2569 436 2611; x_wconf 88' lang='lat' dir='ltr'><strong>eum</strong></span> <span class='ocrx_word' id='word_1_103' title='bbox 451 2551 593 2614; x_wconf 90' lang='lat' dir='ltr'><strong>tonantis</strong></span> <span class='ocrx_word' id='word_1_104' title='bbox 608 2571 716 2614; x_wconf 92' lang='lat' dir='ltr'><strong>annus</strong></span> <span class='ocrx_word' id='word_1_105' title='bbox 731 2535 884 2613; x_wconf 85' lang='lat' dir='ltr'><strong>hibernus</strong></span> <span class='ocrx_word' id='word_1_106' title='bbox 899 2551 988 2614; x_wconf 89' lang='lat' dir='ltr'><strong>Jovis</strong></span> 
     </span>
     <span class='ocr_line' id='line_1_25' title="bbox 343 2650 823 2732; baseline 0.004 -22"><span class='ocrx_word' id='word_1_107' title='bbox 343 2650 465 2711; x_wconf 89' lang='lat' dir='ltr'><strong>Imbres</strong></span> <span class='ocrx_word' id='word_1_108' title='bbox 480 2650 635 2731; x_wconf 87' lang='lat' dir='ltr'><strong>nivesque</strong></span> <span class='ocrx_word' id='word_1_109' title='bbox 650 2660 823 2732; x_wconf 89' lang='lat' dir='ltr'><strong>comparat,</strong></span> 
     </span>
    </p>

    <p class='ocr_par' dir='ltr' id='par_1_15' title="bbox 302 2748 1031 2933">
     <span class='ocr_line' id='line_1_26' title="bbox 302 2748 1031 2813; baseline 0 -1"><span class='ocrx_word' id='word_1_110' title='bbox 302 2751 368 2812; x_wconf 89' lang='lat' dir='ltr'><strong>Aut</strong></span> <span class='ocrx_word' id='word_1_111' title='bbox 382 2748 480 2812; x_wconf 91' lang='lat' dir='ltr'><strong>trudit</strong></span> <span class='ocrx_word' id='word_1_112' title='bbox 495 2770 584 2812; x_wconf 88' lang='lat' dir='ltr'><strong>acres</strong></span> <span class='ocrx_word' id='word_1_113' title='bbox 599 2750 676 2812; x_wconf 87' lang='lat' dir='ltr'><strong>hinc</strong></span> <span class='ocrx_word' id='word_1_114' title='bbox 691 2761 723 2813; x_wconf 90' lang='lat' dir='ltr'><strong>et</strong></span> <span class='ocrx_word' id='word_1_115' title='bbox 738 2751 814 2813; x_wconf 87' lang='lat' dir='ltr'><strong>hinc</strong></span> <span class='ocrx_word' id='word_1_116' title='bbox 830 2751 934 2813; x_wconf 90' lang='lat' dir='ltr'><strong>multa</strong></span> <span class='ocrx_word' id='word_1_117' title='bbox 950 2771 1031 2812; x_wconf 88' lang='lat' dir='ltr'><strong>cane</strong></span> 
     </span>
     <span class='ocr_line' id='line_1_27' title="bbox 349 2850 816 2933; baseline 0.004 -23"><span class='ocrx_word' id='word_1_118' title='bbox 349 2850 452 2931; x_wconf 88' lang='lat' dir='ltr'><strong>Apros</strong></span> <span class='ocrx_word' id='word_1_119' title='bbox 467 2850 501 2912; x_wconf 93' lang='lat' dir='ltr'><strong>in</strong></span> <span class='ocrx_word' id='word_1_120' title='bbox 516 2851 679 2912; x_wconf 85' lang='lat' dir='ltr'><strong>obstantes</strong></span> <span class='ocrx_word' id='word_1_121' title='bbox 694 2850 816 2933; x_wconf 87' lang='lat' dir='ltr'><strong>plagas,</strong></span> 
     </span>
    </p>

    <p class='ocr_par' dir='ltr' id='par_1_16' title="bbox 303 2948 867 3128">
     <span class='ocr_line' id='line_1_28' title="bbox 303 2948 867 3030; baseline 0.004 -21"><span class='ocrx_word' id='word_1_122' title='bbox 303 2949 371 3010; x_wconf 82' lang='lat' dir='ltr'><strong>Aut</strong></span> <span class='ocrx_word' id='word_1_123' title='bbox 385 2949 483 3011; x_wconf 88' lang='lat' dir='ltr'><strong>amite</strong></span> <span class='ocrx_word' id='word_1_124' title='bbox 499 2948 563 3012; x_wconf 92' lang='lat' dir='ltr'><strong>levi</strong></span> <span class='ocrx_word' id='word_1_125' title='bbox 578 2971 649 3012; x_wconf 86' lang='lat' dir='ltr'><strong>rara</strong></span> <span class='ocrx_word' id='word_1_126' title='bbox 663 2949 766 3012; x_wconf 90' lang='lat' dir='ltr'><strong>tendit</strong></span> <span class='ocrx_word' id='word_1_127' title='bbox 780 2951 867 3030; x_wconf 89' lang='lat' dir='ltr'><strong>retia,</strong></span> 
     </span>
     <span class='ocr_line' id='line_1_29' title="bbox 346 3047 752 3128; baseline 0.005 -20"><span class='ocrx_word' id='word_1_128' title='bbox 346 3047 470 3110; x_wconf 86' lang='lat' dir='ltr'><strong>Turdis</strong></span> <span class='ocrx_word' id='word_1_129' title='bbox 485 3048 639 3112; x_wconf 82' lang='lat' dir='ltr'><strong>edacibus</strong></span> <span class='ocrx_word' id='word_1_130' title='bbox 654 3050 752 3128; x_wconf 84' lang='lat' dir='ltr'><strong>dolos,</strong></span> 
     </span>
    </p>
   </div>
   <div class='ocr_carea' id='block_1_3' title="bbox 306 3146 1237 3329">
    <p class='ocr_par' dir='ltr' id='par_1_17' title="bbox 306 3146 1237 3329">
     <span class='ocr_line' id='line_1_30' title="bbox 306 3146 1237 3231; baseline -0.002 -22"><span class='ocrx_word' id='word_1_131' title='bbox 306 3146 532 3228; x_wconf 87' lang='lat' dir='ltr'><strong>Pavidumque</strong></span> <span class='ocrx_word' id='word_1_132' title='bbox 547 3147 686 3230; x_wconf 88' lang='lat' dir='ltr'><strong>leporem</strong></span> <span class='ocrx_word' id='word_1_133' title='bbox 698 3161 730 3211; x_wconf 89' lang='lat' dir='ltr'><strong>et</strong></span> <span class='ocrx_word' id='word_1_134' title='bbox 741 3149 903 3212; x_wconf 87' lang='lat' dir='ltr'><strong>advenam</strong></span> <span class='ocrx_word' id='word_1_135' title='bbox 915 3149 1030 3230; x_wconf 85' lang='lat' dir='ltr'><strong>laqueo</strong></span> <span class='ocrx_word' id='word_1_136' title='bbox 1042 3169 1154 3231; x_wconf 84' lang='lat' dir='ltr'><strong>gruem</strong></span> <span class='ocrx_word' id='word_1_137' title='bbox 1197 3151 1237 3211; x_wconf 70' lang='lat'><strong>31»</strong></span> 
     </span>
     <span class='ocr_line' id='line_1_31' title="bbox 346 3246 788 3329; baseline 0.009 -22"><span class='ocrx_word' id='word_1_138' title='bbox 346 3246 500 3308; x_wconf 87' lang='lat' dir='ltr'><strong>Jucunda</strong></span> <span class='ocrx_word' id='word_1_139' title='bbox 514 3255 622 3328; x_wconf 89' lang='lat' dir='ltr'><strong>captat</strong></span> <span class='ocrx_word' id='word_1_140' title='bbox 636 3249 788 3329; x_wconf 89' lang='lat' dir='ltr'><strong>praemia.</strong></span> 
     </span>
    </p>
   </div>
   <div class='ocr_carea' id='block_1_4' title="bbox 303 3345 1088 3510">
    <p class='ocr_par' dir='ltr' id='par_1_18' title="bbox 303 3345 1088 3510">
     <span class='ocr_line' id='line_1_32' title="bbox 303 3345 1088 3429; baseline 0.001 -23"><span class='ocrx_word' id='word_1_141' title='bbox 303 3345 390 3415; x_wconf 80' lang='lat' dir='ltr'><strong>Quis</strong></span> <span class='ocrx_word' id='word_1_142' title='bbox 405 3365 470 3407; x_wconf 94' lang='lat' dir='ltr'><strong>non</strong></span> <span class='ocrx_word' id='word_1_143' title='bbox 485 3347 654 3426; x_wconf 88' lang='lat' dir='ltr'><strong>malarum,</strong></span> <span class='ocrx_word' id='word_1_144' title='bbox 671 3368 753 3429; x_wconf 88' lang='lat' dir='ltr'><strong>quas</strong></span> <span class='ocrx_word' id='word_1_145' title='bbox 769 3368 858 3410; x_wconf 89' lang='lat' dir='ltr'><strong>amor</strong></span> <span class='ocrx_word' id='word_1_146' title='bbox 873 3368 968 3410; x_wconf 85' lang='lat' dir='ltr'><strong>ouras</strong></span> <span class='ocrx_word' id='word_1_147' title='bbox 983 3348 1088 3428; x_wconf 79' lang='lat' dir='ltr'><strong>habet,</strong></span> 
     </span>
     <span class='ocr_line' id='line_1_33' title="bbox 346 3444 770 3510; baseline 0.007 -4"><span class='ocrx_word' id='word_1_148' title='bbox 346 3444 435 3507; x_wconf 88' lang='lat' dir='ltr'><strong>Haec</strong></span> <span class='ocrx_word' id='word_1_149' title='bbox 452 3445 533 3507; x_wconf 85' lang='lat' dir='ltr'><strong>inter</strong></span> <span class='ocrx_word' id='word_1_150' title='bbox 547 3446 770 3510; x_wconf 76' lang='lat' dir='ltr'><strong>obliviscitur?</strong></span> 
     </span>
    </p>
   </div>
   <div class='ocr_carea' id='block_1_5' title="bbox 292 3613 1172 3746">
    <p class='ocr_par' dir='ltr' id='par_1_19' title="bbox 292 3613 1172 3746">
     <span class='ocr_line' id='line_1_34' title="bbox 292 3613 1172 3678; baseline -0.001 -15"><span class='ocrx_word' id='word_1_151' title='bbox 292 3613 321 3663; x_wconf 81' lang='lat' dir='ltr'><strong>C.</strong></span> <span class='ocrx_word' id='word_1_152' title='bbox 333 3614 360 3663; x_wconf 83' lang='lat' dir='ltr'><strong>tl.</strong></span> <span class='ocrx_word' id='word_1_153' title='bbox 374 3614 412 3663; x_wconf 83' lang='lat'><strong>18.</strong></span> <span class='ocrx_word' id='word_1_154' title='bbox 431 3618 501 3664; x_wconf 84' lang='lat' dir='ltr'><strong>urvis.</strong></span> <span class='ocrx_word' id='word_1_155' title='bbox 568 3615 608 3665; x_wconf 77' lang='lat'><strong>21.</strong></span> <span class='ocrx_word' id='word_1_156' title='bbox 628 3615 697 3673; x_wconf 80' lang='lat' dir='ltr'><strong>Quia.</strong></span> <span class='ocrx_word' id='word_1_157' title='bbox 764 3617 804 3666; x_wconf 78' lang='lat'><strong>25.</strong></span> <span class='ocrx_word' id='word_1_158' title='bbox 821 3618 885 3666; x_wconf 87' lang='lat' dir='ltr'><strong>rivis.</strong></span> <span class='ocrx_word' id='word_1_159' title='bbox 953 3618 992 3666; x_wconf 78' lang='lat'><strong>27.</strong></span> <span class='ocrx_word' id='word_1_160' title='bbox 1012 3615 1172 3678; x_wconf 81' lang='lat' dir='ltr'><strong>l&#39;rondeaque.</strong></span> 
     </span>
     <span class='ocr_line' id='line_1_35' title="bbox 528 3695 930 3746; baseline 0.002 -3"><span class='ocrx_word' id='word_1_161' title='bbox 528 3695 566 3744; x_wconf 67' lang='lat'><strong>28.</strong></span> <span class='ocrx_word' id='word_1_162' title='bbox 583 3698 678 3745; x_wconf 86' lang='lat' dir='ltr'><strong>invitat.</strong></span> <span class='ocrx_word' id='word_1_163' title='bbox 746 3697 785 3746; x_wconf 81' lang='lat'><strong>³7.</strong></span> <span class='ocrx_word' id='word_1_164' title='bbox 804 3697 930 3746; x_wconf 80' lang='lat' dir='ltr'><strong>melorum.</strong></span> 
     </span>
    </p>
   </div>
   <div class='ocr_carea' id='block_1_6' title="bbox 0 0 1395 4250">
    <p class='ocr_par' dir='ltr' id='par_1_20' title="bbox 0 0 1395 4250">
     <span class='ocr_line' id='line_1_36' title="bbox 0 0 1395 4250; baseline 0 0"><span class='ocrx_word' id='word_1_165' title='bbox 0 0 1395 4250; x_wconf 95' lang='lat' dir='ltr'><strong> </strong></span> 
     </span>
    </p>
   </div>
  </div>
 </body>
</html>
