2742 4250
467 267 578 318 LIBER
600 267 657 318 111.
706 267 738 318 0.
762 267 813 318 tv·

317 425 468 489 'l'entabo
480 434 514 488 et
528 433 657 488 urentes
671 443 787 488 arenas

358 525 475 588 Litoris
488 523 615 606 Assyrii
629 524 742 586 viator.

280 723 387 788 lisam
401 723 574 786 Britannos
589 721 771 804 hospitibus
785 721 877 802 seros,

277 821 319 886 Et
332 822 454 886 laetum
468 822 588 904 equino
602 820 763 904 sanguine
777 821 980 901 Concanum,

315 921 427 986 Visam
442 921 657 1003 pharetratros
670 918 812 984 Gelonos
1103 919 1140 984 35

356 1021 401 1084 Et
415 1020 612 1102 Scythicum
624 1018 800 1084 inviolatus
814 1039 955 1083 amnem.

276 1236 338 1299 Vos
354 1236 526 1298 Caesarem
540 1233 653 1314 altum,
669 1235 785 1298 militia
799 1234 897 1298 simul

276 1337 393 1399 Fessas
407 1335 553 1397 cohortes
567 1331 691 1398 abdidit
703 1333 838 1418 oppidis,

315 1434 425 1500 Finito
439 1445 648 1516 quaerentem
663 1434 795 1515 labores,

359 1535 461 1599 Pierio
476 1535 624 1597 recreatis
639 1544 738 1596 antro.

275 1751 338 1813 Vos
352 1750 424 1812 leue
438 1749 656 1811 consiliumet
671 1746 764 1828 datis,
780 1757 813 1811 et
826 1748 903 1811 dato

273 1848 436 1928 Gaudetis,
453 1848 568 1912 almae.
611 1847 751 1925 Scimus,
767 1857 803 1910 ut
817 1847 931 1930 impios
1034 1897 1040 1908 .

314 1949 453 2012 Titanas
468 1947 709 2029 immanemque
725 1956 866 2010 turmam

354 2047 508 2112 Fulmina
525 2047 689 2110 sustulerit
703 2044 835 2127 caduco,

272 2265 342 2335 Qui
357 2274 473 2327 terram
488 2262 631 2343 inertem,
648 2262 705 2345 qui
721 2282 808 2326 mare
825 2272 980 2345 temperat
1096 2264 1138 2327 45

272 2365 457 2444 ventosum,
473 2373 505 2426 et
520 2364 615 2426 urbes
631 2382 796 2445 regnaque
811 2363 913 2425 tristia

312 2465 478 2545 Divosque
494 2462 708 2545 mortalesque
724 2462 834 2526 turbas

354 2564 492 2645 Imperio
507 2562 689 2645 regitanus
704 2581 816 2645 aequo.

271 2779 432 2861 Magnum
446 2778 502 2841 illa
518 2788 663 2841 terrorem
680 2776 832 2841 intulerat
845 2776 919 2841 Jovi

271 2878 393 2943 Fidens
403 2880 560 2963 juventus
576 2875 706 2941 horrida
720 2876 868 2957 brachile,
1095 2879 1137 2941 50

314 2980 507 3060 Fratresque
523 2976 690 3041 tendentes
703 2994 803 3059 opaco

355 3078 466 3141 Pelion
483 3076 673 3160 imposuisse
689 3074 841 3159 Olympo.

270 3294 336 3359 Sed
350 3285 429 3376 quid
445 3286 626 3376 Typhoeus
641 3302 673 3355 et
687 3291 817 3355 validus
832 3292 961 3373 Mimas,

270 3394 338 3456 Aut
352 3391 432 3474 quid
447 3392 567 3455 minaci
582 3390 783 3475 Porphyrion
798 3399 893 3470 statu,
921 3476 924 3482 Ι

219 3593 250 3645 tt
278 3602 381 3642 anates.
488 3590 529 3640 37.
546 3592 681 3641 Caesarem·
690 3591 765 3640 altum
779 3590 932 3654 (educatum)
945 3590 1040 3641 militia.

304 3673 345 3724 ³8.
363 3672 465 3730 addidit,
477 3672 601 3728 Orelliusr
618 3671 728 3721 reddidit.
794 3672 835 3721 ta.
853 3672 962 3732 tubane

553 3752 592 3803 47,
611 3762 709 3801 turmas.
977 3755 979 3758 '
