2742 4250
249 247 317 315 206
645 263 860 314 sannarum

244 422 397 485 Attamen
412 432 444 482 ct
453 420 579 503 justum
593 433 716 503 poteras
734 432 765 484 et
779 422 914 484 scribere
929 420 1050 500 fortem,

245 518 429 602 Scipiadam
445 529 481 582 ut
495 520 624 601 sapiens
638 519 939 583 Lucilius-Haud
955 521 1035 582 mihi
1049 520 1152 600 deero,

245 620 331 683 Cum
345 640 394 683 res
409 620 479 703 ipsa
494 618 579 682 seret.
624 620 696 683 Nisi
711 618 825 682 dextro
839 630 986 700 tempore,
1002 621 1114 683 Flacci

245 720 348 782 Verba
362 740 418 802 per
432 730 587 781 attentam
603 739 668 781 non
683 720 777 782 ibunt
792 721 940 783 Caesaris
955 740 1075 798 aurem,

244 820 307 883 Cui
322 820 408 881 male
423 820 450 882 si
464 819 600 901 palpcre,
616 818 795 882 recalcitrat
810 818 954 900 undique
970 830 1113 883 tutus-
1223 825 1272 885 20.

244 921 379 989 Quanto
393 921 510 983 rectius
524 919 594 997 hoc,
608 938 711 1000 quam
726 917 807 983 tristi
822 917 946 987 laedere
961 937 1057 982 versu

245 1019 459 1082 Pantolabum
473 1037 619 1081 scurram
632 1017 939 1100 Nomentanumque
955 1028 1110 1101 nepotem,

244 1120 328 1181 Cum
344 1118 405 1181 sibi
419 1119 557 1200 quisque
569 1118 667 1194 timet,
676 1135 868 1201 quanquam
877 1129 925 1181 est
940 1118 1087 1199 intactus
1098 1128 1133 1185 et
1143 1118 1274 1185 odit.-

243 1217 336 1288 Quid
351 1216 494 1281 faciami
536 1216 641 1281 Saltat
655 1216 819 1297 Milonius,
836 1227 873 1281 ut
888 1218 986 1281 semel
1003 1220 1065 1281 icto

243 1318 387 1381 Accessit
401 1316 505 1381 fervor
518 1317 616 1400 capiti
630 1336 851 1399 numerusque
866 1317 1024 1399 lucernis;
1221 1322 1268 1385 25

243 1421 357 1482 Castor
371 1417 491 1500 gaudet
505 1418 615 1499 equis3
638 1437 700 1481 ovo
715 1428 891 1500 prognatus
906 1419 1019 1481 eodem

245 1519 385 1600 Pugnis:
408 1528 487 1599 quot
500 1516 646 1599 capitmn
660 1517 784 1597 vivunt,
801 1517 933 1581 totidem
949 1518 1127 1582 studiorum

245 1605 355 1682 Millia.
400 1617 454 1680 Me
468 1615 605 1699 pedibus
618 1615 757 1679 delectat
770 1616 921 1681 claudere
936 1618 1033 1681 verba

243 1716 350 1779 Lucilt
363 1715 435 1795 ritu,
450 1726 596 1780 nostrum
610 1716 749 1779 melioris
765 1726 909 1799 utroque.

243 1816 301 1880 Ille
316 1815 406 1879 velut
421 1815 495 1879 fidis
508 1836 628 1880 arcana
643 1815 808 1879 sodalibus
822 1815 899 1879 olim
1220 1820 1268 1882 30
1289 1795 1293 1801 .

243 1914 402 1979 Credebat
415 1915 511 1996 libris,
527 1936 642 1998 neque,
658 1916 687 1979 si
701 1914 787 1978 male
802 1926 949 1995 cesserat,
966 1935 1112 1996 unquam

245 2016 425 2079 Decurrens
440 2016 512 2095 alio,
528 2036 633 2097 neque
648 2016 676 2078 si
691 2016 790 2079 bene:
813 2035 878 2097 quo
893 2015 938 2097 fit,
954 2026 991 2078 ut
1004 2016 1109 2078 omnis

246 2118 358 2182 Votiva
372 2128 481 2201 pateat
495 2116 596 2180 veluti
612 2115 770 2197 descripta
784 2115 903 2179 tabella

243 2218 316 2280 Vita
330 2217 425 2280 senis.
469 2218 592 2298 Sequor
606 2217 704 2296 hunc,
714 2217 870 2279 Lucanus
881 2237 924 2279 an
935 2217 1071 2300 Apulus,
1082 2237 1200 2301 anceps
1217 2258 1268 2270 -
1369 2255 1370 2306 ,

246 2317 329 2380 Nam
344 2316 530 2379 Venusinus
545 2327 615 2378 arat
630 2315 729 2379 finem
746 2317 807 2379 sub
821 2327 995 2399 utrumque
1010 2317 1152 2398 colonuS,
1217 2319 1266 2382 35

247 2417 363 2479 Missus
378 2416 420 2478 ad
435 2417 497 2479 hoc
511 2415 621 2498 pulsis,
636 2428 731 2480 vetus
746 2426 845 2479 estut
860 2405 956 2496 sama,
972 2417 1117 2497 Sabellis,

242 2518 320 2588 Quo
335 2537 376 2579 ne
390 2535 603 2599 pervacuum
618 2517 767 2580 Romano
782 2517 954 2579 incurreret
969 2516 1079 2596 hostis,

242 2617 317 2679 Sive
332 2615 420 2698 quod
435 2615 542 2698 Apula
556 2637 636 2699 gens
651 2636 710 2678 seu
724 2615 812 2697 quod
827 2616 973 2678 Lucania
988 2615 1109 2679 bellum

243 2717 403 2780 incuteret
418 2716 567 2780 violenta.
611 2716 676 2780 Sed
691 2704 745 2778 hic
760 2716 852 2778 stilus
867 2715 957 2779 haud
971 2725 1056 2798 petet
1070 2715 1153 2778 ultro

242 2818 454 2898 Quemquam
468 2816 676 2896 animantem,
692 2826 724 2878 et
738 2835 791 2878 me
806 2815 907 2878 veluti
921 2816 1079 2879 custodiet
1093 2816 1181 2877 ensis
1216 2815 1261 2878 40

243 2916 369 2998 Vagina
383 2926 486 2978 tectus
498 2937 506 2996 3
529 2935 628 2998 quem
642 2935 702 2978 cur
716 2915 908 2997 destringere
923 2935 1026 2995 coner,

242 3017 353 3082 Tutus
368 3018 411 3080 ab
425 3016 547 3080 infestis
562 3015 763 3079 latronibus?
808 3015 836 3079 Ο
852 3025 942 3098 pater
955 3024 987 3076 et
1001 3035 1057 3076 rex

242 3115 375 3198 Jupiter,
391 3126 428 3179 ut
442 3126 550 3198 pereat
564 3117 704 3199 positum
719 3115 865 3196 rubigine
881 3114 991 3194 telum,
1039 3113 1042 3118 '

242 3216 312 3281 Nec
326 3217 500 3298 quisquam
515 3226 629 3278 noceat
643 3214 762 3296 cupido
777 3215 857 3277 mihi
872 3214 980 3297 pacis!
1024 3215 1067 3276 At
1083 3213 1145 3294 ille,

243 3314 313 3384 Qui
327 3335 381 3378 me
394 3313 729 3393 commorit-melius
745 3334 810 3376 non
825 3324 964 3396 tangere,
980 3312 1129 3376 clamo—
1221 3319 1261 3382 45

247 3414 350 3480 Flebit
364 3424 396 3478 et
410 3413 544 3497 insignis
559 3424 625 3476 tota
639 3414 822 3477 cantabitur
837 3414 923 3478 urbe.

358 3661 391 3710 20
416 3660 557 3711 recalcitret.
624 3662 665 3710 24.
682 3671 708 3710 ut
720 3661 799 3711 simul.
865 3663 905 3712 ³1.
923 3661 1019 3712 simale
1032 3669 1145 3724 genem.

554 3741 586 3791 tt
612 3745 680 3804 petit.
745 3745 778 3793 45
802 3741 954 3794 commordit.
