2742 4250
626 240 826 297 CARMINUH

317 425 320 430 ·
386 398 509 481 Impiae
525 414 660 481 sponsos
674 407 805 480 potuere
819 397 902 463 duro

406 580 407 583 Ἴ
469 496 607 563 Perdere
619 496 709 561 ferro.

385 697 461 762 Una
476 696 516 759 de
530 696 651 777 multis,
667 694 738 759 face
754 696 893 780 nuptiali

384 797 503 880 Digna,
519 798 683 880 perjurum
697 794 760 859 fuit
773 797 808 859 in
822 807 989 879 parentem

384 896 559 981 Splendide
574 895 718 960 mendax
733 906 765 961 et
779 897 815 961 in
829 915 925 961 omne
939 898 1032 981 virgo

467 996 591 1060 Nobilis
607 1016 735 1075 aevum,

382 1199 494 1281 Surge,
510 1218 594 1279 quae
609 1198 692 1261 dixit
702 1199 817 1282 juveni
830 1200 954 1279 marito,

383 1299 494 1380 Surge,
510 1318 552 1361 ne
567 1298 685 1379 longus
701 1298 759 1361 tibi
774 1318 916 1379 somnus,
933 1298 1021 1362 unde

382 1396 456 1460 Non
472 1398 575 1477 times,
591 1396 685 1459 detur
695 1412 710 1479 ;·
728 1417 875 1461 socerum
889 1410 922 1463 et
935 1399 1087 1461 scelestas

466 1496 559 1559 Falle
575 1516 704 1572 sorores,

382 1696 488 1775 Quae,
503 1696 593 1759 velut
607 1705 723 1759 nactae
737 1696 857 1759 vitulos
872 1696 1012 1775 leaenae,

381 1795 665 1877 Singulos-eheu!
689 1796 844 1858 lacerant.
888 1796 961 1878 Ego
975 1796 1039 1858 illis

383 1895 509 1959 Mollior
523 1916 583 1959 neo
598 1906 629 1958 te
645 1894 761 1959 feriam
777 1915 883 1977 neque
898 1896 988 1967 intra,

466 1996 617 2059 Claustra
632 1996 756 2062 tenebo,

382 2199 437 2261 Me
452 2207 541 2280 pater
556 2197 662 2260 saevis
677 2207 787 2261 oneret
798 2208 932 2277 eatoms,

381 2295 482 2367 Quod
496 2297 565 2359 viro
580 2297 723 2359 clemens
738 2297 854 2360 misero
867 2298 994 2380 peperci
998 2319 1014 2387 j

382 2395 436 2458 Me
451 2398 503 2458 vel
518 2405 679 2460 extremos
693 2395 913 2460 Numidarum
927 2397 962 2459 in
976 2415 1071 2479 agros

466 2495 578 2559 Classe
592 2495 719 2577 releget.
802 2507 805 2512 ·

381 2694 406 2773 1,
421 2693 519 2776 podes
534 2713 599 2775 quo
614 2704 645 2756 te
659 2694 790 2776 rapiunt
803 2704 836 2757 et
851 2713 957 2773 aurae,

384 2793 475 2856 Dum
489 2791 578 2855 fovet
591 2813 658 2856 nox
673 2803 706 2856 et
720 2793 840 2875 Venus,
856 2794 868 2858 i
882 2791 1025 2856 seeundo

382 2893 510 2973 Omine,
525 2905 558 2962 er.
571 2893 671 2956 nostri
686 2897 861 2958 memorem
877 2893 1024 2978 sepulum
1142 2916 1147 2929 i

465 2991 581 3075 Seelpe
596 2992 771 3082 querelam.

644 3192 685 3244 52.
705 3193 801 3258 Sculpe.
