2742 4250
239 259 311 331 000
635 271 850 322 sarmanmr

237 433 273 497 si
287 432 360 513 quis
375 430 489 493 lectica
501 427 641 492 nitidam
655 438 779 510 gestare
794 437 881 492 amet
895 449 1025 511 aguam,

236 531 323 594 Huic
338 540 461 592 vestem
476 537 513 591 ut
527 538 647 610 gnatae
661 538 759 609 paret,
774 528 912 592 ancillas
927 539 1025 610 paret,
1040 547 1168 616 curtim,
1190 529 1254 594 215

237 628 357 693 Rufum
371 640 429 691 aut
443 627 603 690 Pusillam
615 625 764 708 appellet,
779 625 914 708 fortique
929 627 1044 690 marito

236 729 384 792 Destinet
398 747 551 807 uxorem3
574 725 742 788 interdicto
756 727 835 789 huic
850 746 946 789 omne
960 727 1148 812 adimatJus

237 831 375 908 Praetor,
389 826 478 890 etad
493 846 589 889 sanos
602 825 698 888 abeat
713 826 814 888 tutela
829 827 1032 909 propinquos.

235 927 352 999 uuidt
373 926 489 1009 siquis
504 934 638 1008 gnatam
652 943 709 1007 pro
723 935 816 988 muta
829 925 967 988 devovet
980 946 1075 1008 agna,

235 1028 362 1109 integer
375 1036 425 1088 est
438 1025 564 1088 auimil
606 1024 657 1088 Nc
670 1023 801 1088 dixeris.
846 1025 934 1107 Ergo
947 1025 1005 1089 ubi
1019 1045 1120 1107 prava
1190 1029 1253 1090 220
1355 1063 1356 1066 =

235 1126 388 1204 Stultitia,
403 1124 457 1187 hic
472 1143 602 1187 summa
615 1134 666 1186 est
679 1124 826 1206 insania,
849 1126 907 1206 qui
921 1125 1105 1205 sceleratus,

235 1226 281 1288 Et
294 1225 434 1288 furiosus
447 1225 524 1305 erit,
546 1243 647 1305 quem
659 1224 744 1307 cepit
758 1224 860 1289 vitrea
875 1222 973 1304 sama,

236 1326 334 1389 Hune
347 1325 574 1388 circumtonuit
587 1323 735 1404 gaudens
749 1323 884 1388 Bellona
898 1325 1047 1388 cruentis.

235 1415 332 1488 Nunc
347 1443 408 1506 age
422 1423 589 1486 luxuriam
602 1432 636 1485 et
648 1422 892 1488 Nomentanum
907 1423 1011 1506 arripe
1025 1444 1175 1488 mecum:
1355 1497 1356 1512 ,

238 1523 349 1586 Vincet
362 1523 451 1586 enim
463 1522 580 1585 stultos
593 1523 674 1584 ratio
688 1521 828 1586 insanire
843 1532 983 1604 nepotes.
1190 1526 1256 1590 225

237 1624 297 1686 Hic
312 1622 411 1685 simul
424 1622 549 1705 aceepit
562 1622 735 1703 patrimoni
749 1622 841 1684 mille
856 1623 986 1702 talenta,
1049 1663 1051 1666 -
1355 1639 1356 1650 ¹

236 1723 353 1803 Edicit,
368 1723 507 1804 piscator
520 1722 578 1800 uti,
593 1721 766 1803 pomarius,
782 1741 912 1804 auceps,

237 1823 477 1906 Unguentarius
490 1841 531 1884 ac
545 1821 651 1885 Tusci
664 1821 760 1884 turba
774 1821 874 1904 impia
889 1822 960 1903 vici,

235 1925 320 1986 Cum
335 1922 453 1985 scurris
466 1920 571 2000 sartor,
586 1939 665 1984 cum
678 1920 817 1984 Velabro
830 1941 927 1986 omne
941 1921 1117 1986 macellum

236 2021 333 2086 Mauo
357 2021 492 2084 domum
516 2020 659 2083 veniant.
712 2019 805 2090 Quid
821 2021 915 2085 tum?
966 2023 1088 2086 Venere
1106 2021 1257 2106 frequen·

360 2133 417 2185 tes.
1189 2126 1258 2189 230
1355 2182 1356 2189 ἶ

239 2223 339 2285 veroa
353 2221 431 2285 scs
445 2222 536 2285 reno:
558 2222 732 2305 curaque
747 2222 837 2303 mter,
852 2222 1011 2305 quidquid
1025 2232 1058 2285 et
1072 2224 1190 2289 horum

234 2321 362 2403 Cuique
372 2321 461 2384 domi
474 2330 531 2401 est,
544 2322 577 2384 id
591 2322 686 2385 crede
701 2332 804 2402 tuum,
813 2332 846 2385 et
857 2322 909 2385 vel
921 2341 1011 2385 nuuc
1022 2332 1094 2405 pete
1105 2323 1159 2386 vel
1170 2344 1255 2387 cras.
1355 2346 1356 2349 ¹

234 2423 361 2503 Accipe,
377 2420 456 2502 quid
470 2432 581 2484 contra
590 2421 722 2505 juvenis
737 2421 934 2504 responderit
949 2442 1093 2503 aequus:
1355 2414 1356 2425 ¹

236 2522 273 2583 ln
287 2519 362 2584 nive
377 2520 513 2583 Lucana
527 2520 648 2583 dormis
661 2532 818 2601 ocreatus,
835 2530 872 2583 ut
886 2541 1002 2604 aprum
1355 2570 1356 2579 ,

114 2686 116 2692 ,
234 2619 377 2683 Ooenem
392 2639 470 2701 ego:
493 2630 531 2682 tu
543 2619 650 2702 pisces
663 2620 797 2683 hiberno
811 2639 854 2682 ex
868 2640 1007 2701 aequore
1021 2622 1128 2683 verris.
1188 2624 1254 2687 235

233 2719 349 2801 Segnis
363 2738 423 2800 ego
437 2717 592 2801 indiguus
605 2718 663 2801 qui
677 2727 806 2781 tautum
821 2718 1021 2801 possideam:
1042 2718 1153 2783 auser!
1355 2720 1356 2723 ’

177 2883 180 2887 1
234 2818 334 2882 Sume
349 2818 406 2881 tibi
420 2817 545 2881 decies:
567 2818 625 2881 tibi
640 2817 852 2881 tantundem:
875 2818 933 2882 tibi
948 2820 1072 2903 triplex,

233 2916 329 2980 Unde
342 2936 425 2979 uxor
438 2916 547 2979 media
560 2916 661 2980 currit
673 2916 714 2979 de
730 2926 823 2979 nocte
835 2927 962 2981 vocata.

233 3015 339 3079 Filius
353 3016 472 3097 Aesopi
486 3015 665 3079 detractam
678 3036 721 3079 ex
736 3036 814 3079 aure
828 3016 987 3097 Metellae,

233 3114 363 3180 Scilicet
377 3124 415 3177 ut
427 3115 534 3177 decies
549 3115 690 3179 solidum
705 3117 895 3196 exsorberet,
911 3126 1002 3179 aceto
1188 3118 1252 3182 240

234 3213 339 3277 Diluit
352 3213 514 3295 insignem
527 3214 681 3277 baccam:
703 3227 761 3297 qut
776 3215 890 3296 sanior,
906 3235 946 3279 ec
960 3216 989 3278 si

233 3312 319 3378 illud
334 3312 421 3375 idem
434 3312 470 3375 iu
484 3312 635 3395 rapidum
648 3312 774 3377 flumen
784 3315 946 3397 jaceretve
960 3316 1131 3377 cloacam?

233 3412 350 3483 Quinti
365 3412 531 3497 progenies
544 3411 625 3494 Arri,
640 3413 819 3497 pernobile
833 3412 976 3496 fratrum,

623 3660 680 3711 210.
698 3671 723 3711 et
734 3661 857 3711 Pusillam.

371 3740 428 3789 235.
446 3739 522 3789 vellis.
588 3742 645 3791 240.
663 3743 810 3801 obnuberet,
821 3740 947 3797 Orellius:
964 3743 1112 3794 absorberet.
