2742 4250
648 265 796 317 EPODON

341 425 442 508 Atqui
455 445 515 501 neo
530 423 629 489 herba
643 443 704 487 neo
719 423 823 486 latens
838 422 874 486 iu
887 421 1009 506 asperis

383 524 493 590 Radix
507 523 619 587 fefellit
633 543 687 586 me
702 522 788 587 loeis.
912 595 919 607 ,

343 624 500 690 indormit
514 624 620 687 unctis
634 623 782 686 omniurn
796 621 958 684 eubilibus
1015 658 1017 661 -

387 724 557 789 Oblivione
571 722 778 806 pellicum'-

342 825 404 902 Ah,
421 824 473 903 ah,
489 822 615 886 solutus
629 819 778 884 ambulat
795 817 959 882 veneficae

384 922 567 988 scientioris
582 921 733 986 carmine.

344 1024 418 1087 Non
433 1022 569 1101 usitatis,
585 1021 677 1100 Vare,
693 1018 875 1102 potionibus

387 1123 416 1185 O
432 1121 537 1184 multa
551 1119 703 1182 fleturum
718 1127 824 1200 eaput,

345 1221 397 1284 Ad
412 1240 465 1283 me
481 1239 630 1299 recurres,
645 1238 706 1283 nee
720 1227 836 1280 vocata
852 1236 944 1280 mens
959 1227 1017 1280 tua

386 1319 504 1383 Marsis
518 1319 632 1383 redibit
646 1318 789 1382 vocibus.

345 1421 454 1504 MaJus
468 1419 596 1502 parabo,
612 1419 718 1502 majus
732 1415 906 1486 infundam
921 1416 978 1479 tibi

388 1518 579 1583 Fastidienti
594 1517 757 1600 poculum,

345 1620 503 1700 Priusque
517 1618 645 1681 eoelum
659 1617 742 1681 sidet
757 1615 889 1680 inferius
905 1615 994 1694 mari,

386 1717 519 1781 Tellure
534 1727 676 1800 porrecta
691 1735 794 1799 super,

345 1819 459 1888 Quam
473 1836 540 1879 non
554 1827 662 1879 amore
676 1815 723 1879 sie
738 1834 810 1877 meo
825 1812 950 1895 flagres,
966 1812 1012 1875 uti

388 1917 540 1980 Bitumen
555 1915 631 1981 atris
645 1915 804 1998 ignibus''

346 2017 416 2080 Sub
430 2016 512 2078 haee
526 2034 613 2098 puer,
624 2015 695 2098 jam
709 2033 783 2093 non,
800 2023 836 2076 ut
851 2022 935 2092 ante,
950 2010 1101 2074 mollibus

385 2115 501 2179 Lenire
516 2115 621 2179 verbis
636 2114 761 2198 impias
939 2110 941 2114 ’

346 2215 418 2293 Sed,
435 2215 556 2278 dubius
571 2214 658 2278 unde
672 2220 833 2296 rumperet
848 2210 1020 2289 silentium,

387 2314 477 2377 Misit
492 2315 678 2397 Thyesteas
693 2333 820 2396 preces:

316 2421 334 2454 ·‘
345 2414 479 2504 Venena
494 2433 653 2496 magnum
667 2412 717 2477 ias
732 2413 888 2495 nefasque
904 2431 968 2474 non
983 2409 1094 2473 valent

336 2577 340 2583 ,
388 2516 580 2577 Convertere
595 2515 776 2578 humanam
790 2512 904 2575 vicem.

348 2613 432 2676 Diris
447 2633 544 2696 agam
558 2633 635 2695 vos;
658 2613 729 2677 dira
744 2611 911 2675 detestatio

388 2712 489 2776 Nulla
503 2713 653 2795 expiatur
667 2712 809 2775 victima.

345 2812 448 2893 Quin,
463 2811 519 2875 ubi
534 2812 633 2894 perire
643 2813 755 2895 jussus
770 2811 981 2893 exspiravere,

388 2912 575 2975 Nocturnus
589 2930 757 2975 occurram
772 2910 866 2990 furor,

346 3011 526 3092 Petamque
540 3010 653 3073 vultus
667 3010 783 3075 umbra
798 3008 906 3073 curvis
921 3007 1094 3091 unguibus,

387 3112 485 3181 Quae
499 3109 550 3172 vis
565 3110 700 3173 deorum
714 3120 763 3173 est
778 3096 937 3188 Manium,

345 3210 391 3273 Et
405 3204 556 3291 inquietis
571 3208 718 3273 assidens
732 3208 924 3292 praecordiis

388 3309 511 3371 Pavore
526 3328 656 3371 somnos
671 3308 827 3375 auferam.

350 3408 412 3472 Vos
427 3408 522 3471 turba
536 3408 670 3473 vicatim
683 3406 761 3471 hine
776 3418 808 3471 et
822 3408 899 3471 hine
915 3404 1004 3469 saxis
1019 3412 1130 3487 petens

387 3507 572 3572 Contundet
586 3508 761 3591 obseoenas
776 3527 878 3573 anust

671 3726 711 3773 81.
729 3730 786 3773 mei.
