2742 4250
234 237 299 307 {88
626 252 843 303 srmuaeuu

269 411 321 491 Ut,
333 410 484 493 quamvis
499 418 584 473 tacet
598 410 826 493 Hermogenes,
838 418 950 472 cantor
966 419 1076 473 tamen
1089 421 1189 493 atque

269 510 421 593 Optimus
437 519 487 570 est
502 507 705 589 modulator;
728 519 766 571 ut
779 508 917 571 Alfenus
933 508 1030 587 vafer,
1046 510 1135 573 omui
1184 510 1248 573 130

269 611 402 694 Abjecto
417 604 629 673 instrumento
644 610 721 672 artis
736 610 914 689 clausaque
929 610 1070 689 taberna,
1184 690 1188 695 .

267 711 364 774 Sutor
377 721 453 789 erat,
469 710 597 791 sapiens
611 710 715 791 open's
730 709 776 771 sic
791 708 932 789 optimus
946 710 1052 771 omnis

269 811 329 873 Est
343 809 451 893 opifex
466 808 565 888 solus,
581 808 627 870 sic
642 828 711 871 rex.
755 808 887 871 Velluut
901 808 959 871 tibi
973 809 1107 871 barbam

268 910 398 974 Lascivi
411 908 500 992 pueri
513 930 522 990 3
544 928 627 991 quos
641 919 678 971 tu
693 908 755 969 nisi
770 906 854 971 fuste
869 927 1004 987 coerces,

267 1009 690 1092 Urgeristurbacrrcumte
705 1017 818 1087 stante,
834 1008 994 1089 miserque
1184 1010 1246 1073 135

268 1109 447 1191 Rumperis,
461 1119 494 1171 et
509 1108 614 1188 latras,
626 1127 820 1190 magnorum
835 1107 979 1169 maxime
993 1126 1115 1191 regum,

268 1209 317 1274 Ne
331 1209 465 1291 longum
479 1207 617 1271 faciam:
638 1208 721 1270 dum
735 1217 771 1271 tu
785 1207 966 1290 quadrante
981 1207 1128 1271 lavatum

269 1308 341 1373 Rex
355 1308 424 1388 ibis,
439 1328 545 1390 neque
560 1317 591 1371 te
605 1308 782 1389 quisquam
797 1308 937 1390 stipator,
952 1307 1099 1390 ineptum

270 1408 396 1472 Praeter
410 1406 605 1490 Crispinum,
621 1407 802 1486 sectabitur,
817 1405 946 1475 etmihi
961 1406 1073 1470 dulces

267 1508 445 1589 ignoscent,
461 1506 583 1588 siquid
597 1526 732 1589 peccaro
746 1506 873 1585 stultus,
890 1506 1007 1571 amici:
1181 1506 1245 1571 111⁰

268 1608 370 1688 [nque
384 1606 490 1669 vicem
505 1606 634 1670 illorum
648 1608 752 1689 patiar
766 1606 885 1669 delicta
899 1605 1040 1686 libenter,

267 1705 479 1788 privatusque
494 1706 599 1789 magis
613 1707 726 1771 vivam
740 1717 859 1790 terega
873 1707 997 1770 beatus.

606 2393 766 2455 SATIRA
797 2391 853 2455 lv.

328 2646 466 2729 Eupolis
481 2656 578 2730 atque
590 2649 741 2712 Cratinus
751 2649 1046 2732 Aristophanesque
1062 2659 1175 2732 poetae

287 2748 395 2829 Atque
410 2747 479 2834 alii,
490 2767 629 2829 quorum
642 2749 809 2812 comoedia
823 2751 928 2831 prisca
942 2750 1082 2812 virorum
1097 2759 1154 2828 est,

287 2847 323 2911 si
337 2847 411 2929 quis
425 2857 494 2910 erat
507 2846 626 2930 dignus
641 2847 786 2928 describi,
802 2849 889 2931 quod
903 2849 1011 2912 malus
1027 2870 1065 2911 ac
1080 2848 1139 2928 fur,

287 2946 389 3017 Quod
403 2947 558 3010 moechus
573 2946 661 3028 soret,
677 2957 735 3010 aut
750 2948 893 3027 sicarius,
910 2958 969 3010 aut
983 2947 1100 3030 alioqui

290 3048 459 3127 Famosus,
476 3047 579 3110 multa
593 3053 671 3110 cum
685 3046 829 3110 libertate
845 3048 1007 3110 notabant.
1220 3047 1241 3112 5

288 3145 375 3208 Hinc
388 3146 494 3207 omnis
508 3145 626 3227 pendet
640 3146 796 3226 Lucilius,
809 3147 905 3209 hosce
921 3157 1060 3225 secutus,

289 3244 424 3308 Mutatis
439 3253 566 3307 tantum
581 3245 718 3328 pedibus
732 3247 958 3328 numerisque3
980 3246 1112 3325 facetus,
1215 3271 1225 3278 ·

288 3343 475 3407 Emunctae
490 3344 585 3423 naris,
601 3343 702 3407 durus
716 3365 906 3428 componere
921 3367 1042 3408 versus.

177 3478 179 3483 ·
288 3442 376 3506 Nam
390 3441 452 3504 suit
466 3443 527 3505 hoo
543 3445 696 3508 vitiosus:
720 3445 753 3507 in
769 3447 847 3508 hora
863 3465 958 3526 saepe
973 3444 1138 3524 ducentos,

289 3539 333 3606 Ut
346 3561 513 3624 magnum,
529 3564 640 3608 versus
655 3544 797 3608 dictabat
812 3555 901 3608 stans
916 3546 996 3628 pede
1011 3545 1042 3609 in
1060 3565 1134 3609 uno.
1206 3549 1243 3611 tu

483 3744 536 3793 1³2.
555 3745 658 3796 Tonsor.
760 3743 784 3794 S.
798 3746 829 3795 iv.
842 3747 865 3795 3.
884 3755 925 3795 aut
937 3745 981 3796 fur.
