2742 4250
626 246 825 297 censimum

431 404 567 470 Sortitur
582 403 725 485 insignes
739 411 771 465 et
787 402 887 482 imos;
1203 402 1238 462 Ιό

474 505 580 568 Omne
595 522 700 584 capax
715 511 824 564 movet
838 520 920 563 urna
935 519 1061 563 nomeu.

392 703 570 766 Destrictus
588 702 674 764 ensis
690 700 745 765 cui
759 718 854 781 super
868 698 968 781 impia

392 802 524 865 Cervice
538 800 664 883 pendet,
680 818 747 861 nou
762 798 890 862 Siculae
905 797 1004 880 dapes

436 901 576 963 Dulcem
590 898 802 962 elaborabunt
816 917 970 980 saporem,

477 1000 551 1063 Non
567 999 678 1061 avium
694 998 899 1079 citharaeque
913 1006 1030 1059 cantus

393 1198 553 1262 Somnum
567 1195 729 1259 reducent.
774 1195 917 1258 Somnus
931 1201 1107 1275 agrestium

394 1297 492 1361 Lenis
506 1296 648 1359 virorum
662 1314 728 1357 non
743 1293 885 1357 humiles
899 1294 1013 1359 domos

436 1394 575 1459 Fastidit
591 1395 842 1476 umbrosamque
856 1392 967 1474 ripam,

480 1495 554 1559 Non
571 1493 733 1577 Zephyris
748 1493 870 1575 agitata
885 1492 1020 1575 Tempe.

395 1678 648 1756 Desiderantem,
664 1676 752 1760 quod
767 1677 845 1739 satis
859 1685 917 1755 est,
933 1694 1038 1757 neque

394 1777 655 1841 Tumultuosum
669 1776 819 1838 sollicitat
833 1794 929 1854 mare,

435 1877 503 1941 Nec
519 1895 637 1939 saevus
652 1874 780 1939 Arcturi
794 1873 940 1937 cadentis

472 1968 696 2077 Impetuslaut
711 1974 840 2036 orientis
854 1972 968 2049 Hoedi‚

395 2175 469 2239 Non
484 2176 667 2237 verberatae
683 2173 840 2256 grandine
855 2173 978 2252 vineae,

394 2273 598 2356 Fundusque
613 2272 767 2354 mendax,
783 2273 894 2336 arbore
909 2292 997 2336 nunc
1013 2291 1114 2353 aquus

436 2373 605 2455 culpante,
621 2392 710 2435 nuuc
725 2373 875 2435 torrentia
890 2392 984 2454 agros

478 2473 599 2552 Sidera,
615 2492 703 2535 nunc
718 2472 842 2534 hiemes
857 2473 995 2553 iniquas.

395 2660 568 2720 Contracta
582 2657 685 2739 pisces
701 2676 841 2738 aequora
855 2657 999 2718 sentiunt

392 2757 493 2823 Juctis
508 2757 542 2820 in
558 2757 662 2819 altum
676 2757 834 2819 molibus:
857 2756 922 2818 huc
938 2754 1087 2837 frequens

435 2858 613 2921 anmenta
628 2855 766 2919 demittit
780 2855 959 2940 redemptor

478 2959 563 3020 Cum
578 2955 719 3036 famulis,
736 2954 952 3036 dominusque
968 2964 1068 3016 terrae

395 3138 616 3203 Fastidiosus:
639 3138 695 3201 scd
711 3139 826 3202 Timor
840 3148 872 3200 et
887 3137 997 3200 Minae

393 3236 562 3302 Scandunt
576 3237 698 3317 eodem,
714 3256 779 3319 quo
793 3237 951 3316 dominus
967 3256 1073 3317 neque

436 3335 572 3399 Decedit
586 3346 695 3399 aerata
709 3337 828 3400 triremi
842 3347 874 3400 et

478 3437 553 3498 Post
567 3437 709 3517 equitem
725 3436 813 3498 sedet
827 3448 896 3499 atra
911 3438 1007 3500 Cura.

392 3619 520 3689 Quodsi
535 3619 697 3682 dolentem
711 3640 771 3683 uec
785 3620 949 3703 Phrygius
964 3620 1046 3703 lapis

394 3719 462 3784 Nec
477 3739 692 3803 purpurarum
707 3721 808 3784 sidere
823 3720 936 3784 clarior
