2742 4250
520 563 681 623 SATIBA
717 564 779 624 III.

177 789 235 854 Sic
251 808 321 851 raro
336 788 456 868 scribis,
473 799 509 851 ut
524 798 589 850 toto
604 808 668 850 non
684 798 798 870 quater
812 809 898 852 anno

136 889 364 954 Membranam
378 908 501 971 poscas,
518 888 707 970 scriptorum
722 907 870 971 quaeque
885 899 1040 971 retexens,

134 990 245 1052 Iratus
261 989 325 1066 tibi,
341 986 428 1070 quod
443 987 512 1050 vini
526 988 696 1069 somnique
710 987 870 1070 benignus

133 1087 193 1153 Nil
209 1086 347 1170 dignum
361 1106 506 1150 sermone
521 1107 631 1150 canas.
676 1087 769 1156 Quid
784 1087 863 1151 fiet?
905 1090 948 1151 At
964 1089 1041 1172 ipsis

132 1187 365 1250 Saturnalibus
380 1188 446 1250 huc
461 1186 582 1270 fugisti.
626 1187 759 1250 Sobrius
774 1207 848 1270 ergo
1137 1190 1156 1252 fi

133 1287 200 1350 Dic
216 1286 340 1369 aliquid
354 1286 492 1370 dignum
506 1286 679 1369 promissis.
724 1287 843 1369 Incipe.
888 1289 943 1351 Nil
958 1301 1014 1351 est.

133 1387 321 1468 Culpantur
335 1385 453 1449 frustra
467 1386 595 1466 calami,
611 1387 856 1470 immeritusque
871 1388 995 1452 laborat

133 1487 231 1548 Iratis
246 1495 343 1549 natus
358 1486 463 1569 paries
478 1485 528 1547 dts
543 1496 641 1568 atque
656 1487 767 1569 poetis.

133 1586 237 1667 Atqui
253 1586 365 1648 vultus
380 1595 448 1648 erat
462 1585 567 1648 multa
581 1596 613 1648 et
627 1587 791 1667 praeclara
807 1588 970 1668 minantis,

132 1687 170 1749 Si
186 1704 332 1747 vacuum
346 1684 453 1767 tepido
467 1685 603 1768 cepisset
618 1686 732 1748 villula
748 1696 838 1750 tecto.
1117 1688 1157 1751 lo

132 1787 306 1855 Quorsum
321 1784 473 1866 pertinuit
487 1785 604 1866 stipare
619 1785 757 1848 Platona
772 1786 959 1867 Menandro,

133 1884 289 1966 Eupolin,
305 1884 545 1965 Archilochum,
561 1886 694 1948 comites
709 1885 844 1949 educere
859 1887 988 1949 tantos?

132 1982 300 2047 Invidiam
314 1983 442 2065 placare
456 2002 560 2065 paras,
576 1985 694 2046 virtute
710 1985 842 2048 relicta?

133 2083 359 2164 Contemnere,
375 2083 491 2147 miser!
537 2083 677 2148 Vitanda
692 2095 741 2148 est
756 2085 900 2167 improba
916 2085 1007 2149 Siren

136 2183 280 2262 Desidia,
296 2193 362 2263 aut,
378 2182 537 2265 quidquid
552 2184 620 2246 vita
635 2184 765 2248 meliore
779 2184 907 2267 parasti,
1118 2187 1156 2251 15

136 2282 330 2346 Ponendum
346 2302 450 2364 aequo
465 2284 673 2347 anImo-Dt
689 2294 727 2364 te,
744 2286 951 2369 Damasippe,
967 2285 1110 2369 deaeque

134 2382 259 2447 Verum
274 2384 315 2444 ob
329 2382 501 2445 consilinm
516 2382 638 2446 donent
653 2384 797 2448 tonsore!
842 2386 907 2449 Sed
922 2385 1009 2449 unde

133 2484 226 2545 Tam
241 2483 323 2544 bene
339 2500 391 2543 me
406 2482 736 2565 nostil-Postquam
751 2484 856 2547 omnis
871 2505 921 2547 res
936 2505 1008 2549 mea
1024 2486 1147 2549 Janum

133 2581 189 2645 Ad
204 2580 351 2644 medium
367 2580 469 2644 fracta
484 2592 541 2661 est,
557 2583 665 2646 aliena
680 2586 808 2666 negotia
823 2605 909 2665 curo,

135 2682 311 2743 Excussus
326 2681 467 2762 propriis.
513 2681 602 2745 Olim
616 2702 695 2744 narn
710 2703 862 2765 quaerere
877 2685 1038 2764 amabam,
1114 2685 1157 2747 20

134 2782 216 2850 Quo
231 2779 322 2842 vafer
336 2779 389 2842 ille
404 2780 501 2862 pedes
516 2781 648 2843 lavisset
663 2783 825 2865 Sisyphus
841 2802 920 2862 aere,

134 2879 231 2949 Quid
247 2880 411 2962 sculptum
426 2879 557 2961 infabre,
573 2882 653 2962 quid
668 2880 780 2945 fusum
795 2882 908 2945 durius
923 2892 1023 2964 esset3

136 2978 286 3043 Callidus
301 2980 378 3042 huic
394 2980 486 3062 signo
502 2982 661 3063 ponebam
676 2981 779 3043 millia
794 2991 943 3044 centum:

136 3080 256 3143 Hortos
271 3079 481 3161 egregiasque
496 3079 609 3142 domos
624 3081 792 3143 mercarier
806 3099 893 3143 unus

136 3180 227 3241 Cum
242 3177 330 3240 lucro
344 3198 476 3260 noram;
499 3179 587 3255 unde
602 3179 783 3261 frequentia
799 3180 988 3244 Mercuriale
1117 3182 1156 3245 lb

138 3280 324 3360 Imposuere
338 3277 419 3339 mibi
434 3298 612 3361 cognomen
627 3279 914 3360 compita-Novi,

141 3378 185 3442 Et
199 3379 296 3440 miror
310 3377 411 3440 morbi
426 3388 601 3460 purgatum
616 3389 646 3440 te
661 3378 902 3461 illius-Atqui

141 3476 274 3539 Emovit
285 3486 425 3539 veterem
441 3477 518 3540 mire
534 3497 647 3556 novuS,
664 3488 701 3539 ut
716 3478 803 3556 solet,
820 3478 853 3539 in
868 3497 922 3539 cor

262 3675 290 3725 S.
301 3678 334 3724 iii.
350 3679 403 3725 1-4.
422 3675 449 3724 Si
461 3692 515 3726 raro
523 3678 644 3725 scribes-
655 3677 745 3737 -quid
756 3675 814 3725 fieti
880 3679 903 3725 4.
921 3677 962 3723 Ab
973 3678 1037 3736 ipsts.

241 3757 265 3804 5.
282 3756 363 3819 fugisti
374 3758 472 3805 sobrius.
507 3756 612 3818 Ergo-.
702 3756 739 3805 12.
758 3756 860 3817 Eupolin
874 3755 1058 3806 Archilnem.
