2742 4250
470 231 630 284 amans
681 229 830 282 amr.
1106 209 1154 276 a»

291 390 397 473 Nigris
410 400 469 454 aut
483 388 682 472 Erymanthi

329 489 437 570 Silvis,
453 499 512 552 aut
526 487 637 552 viridis
652 488 769 570 Gragi:

250 685 312 750 Vos
326 686 453 769 Tempe
468 687 601 750 totidem
615 685 715 750 tollite
729 685 890 766 leudibus,

249 785 471 867 Natalemque,
486 804 600 866 mares,
613 784 719 848 Delon
734 784 901 869 Apollinis,
1118 785 1156 848 lll

288 884 519 966 Insignemque
532 884 683 967 pharetra

332 984 554 1066 Fratemaque
568 984 744 1046 humerum
758 981 839 1066 lyra.

248 1180 308 1244 Hic
324 1179 448 1244 bellum
467 1181 683 1264 lacrimosum,
706 1179 761 1244 hic
776 1179 927 1244 miseram
940 1177 1061 1244 samen}

248 1279 440 1362 Pestemque
454 1301 475 1343 a
490 1278 611 1362 populo
624 1288 657 1343 et
670 1279 812 1362 principe
826 1281 967 1344 Caesare
981 1278 1016 1342 in

289 1378 404 1442 Persas
419 1387 516 1461 atque
531 1379 704 1442 Britannos
1119 1383 1159 1446 15

332 1477 445 1542 Vestra
459 1487 568 1542 motus
582 1487 656 1562 aget
670 1497 772 1560 prece.

489 2037 668 2100 OARMEN
703 2037 811 2098 XXII.

370 2236 427 2279 An
458 2236 698 2279 sammoni
728 2236 927 2281 Fuscum

332 2400 457 2497 Integer
470 2414 557 2487 vitae
572 2414 764 2497 scelerisque
778 2435 880 2498 purus

331 2513 405 2577 Non
419 2523 492 2598 eget
507 2515 631 2579 Mauris
641 2515 769 2599 jaculis,
779 2532 886 2600 neque
901 2534 986 2595 arcu,-

331 2613 400 2677 Nec
414 2614 583 2678 venenatis
598 2614 733 2698 gravida
747 2616 880 2699 sagittis,

414 2714 530 2795 Fusce,
547 2714 714 2797 pharetra3

304 2942 309 2951 ·
331 2911 408 2976 Sive
422 2930 478 2994 per
491 2913 602 2995 Syrtes
618 2914 676 2977 iter
690 2925 868 2994 aestuosas,
1135 2920 1156 2985 5

332 3010 409 3075 Sive
422 3007 567 3075 facturus
582 3032 637 3094 per
651 3012 881 3094 inhospitalem

331 3108 528 3189 Caucasum,
543 3109 597 3173 vel
610 3131 696 3193 quaa
710 3100 781 3175 loca
795 3111 963 3177 fabulosus

414 3206 545 3272 Lambit
559 3208 741 3295 Hydaspes.

329 3396 481 3487 Namque
495 3426 548 3469 me
563 3406 646 3470 silva
660 3406 759 3491 lupus
772 3408 806 3472 in
821 3408 954 3490 Sabina,

327 3502 421 3567 Dum
436 3524 543 3569 meam
558 3515 653 3571 canto
668 3506 824 3592 Lalagen,
839 3518 871 3573 et
884 3508 970 3573 ultra
1113 3512 1152 3575 10

484 3703 514 3757 0.
525 3707 585 3755 uit.
597 3706 621 3756 2.
641 3703 737 3769 Meum
753 3722 806 3758 nec.
