2742 4250
455 269 566 319 nmen
589 269 643 320 111.
693 270 724 320 o.
749 268 830 319 m
1101 251 1140 322 91

497 553 676 615 GARMEN
703 553 780 615 XIL

449 751 506 794 AD
543 751 827 794 monumen.

170 932 366 998 Miserarum
380 939 427 992 est
441 947 547 1010 neque
562 929 663 992 amori
676 927 754 992 dare
768 927 884 992 ludum
897 947 1003 1012 neque
1020 929 1108 994 dulei

170 1031 262 1096 Mala
276 1030 354 1092 vino
367 1028 482 1108 lavere,
497 1037 556 1091 aut
570 1028 752 1093 exanimari
766 1038 946 1090 metuentes

257 1130 397 1193 Patruae
411 1129 543 1191 verbera
558 1127 700 1209 linguae.

171 1229 251 1293 ‘Fini
265 1227 402 1310 qualum
416 1227 595 1309 Cythereae
609 1245 691 1308 puer
703 1225 780 1306 aleo,
795 1223 853 1289 tibi
868 1226 950 1289 telas

173 1329 399 1411 operosaeque
414 1325 581 1390 Minervae
596 1325 743 1388 studium
756 1323 869 1406 aufert,
886 1325 1040 1407 Neobula‚
1126 1327 1146 1392 ὅ

256 1426 406 1510 Liparaei
420 1426 503 1489 nitor
517 1425 629 1504 Hebri,

170 1525 278 1589 Simul
292 1535 407 1588 unetos
421 1524 584 1589 Tiberinis
595 1525 748 1587 humeros
762 1523 842 1588 lavit
856 1524 892 1588 in
905 1524 1011 1604 undis,

172 1626 286 1708 Eques
301 1625 370 1707 ipso
384 1624 495 1687 melior
508 1623 760 1706 Bellerophonte,
775 1643 881 1707 neque
894 1643 1006 1706 pugno

258 1723 372 1804 Neque
388 1723 477 1806 segni
492 1723 572 1805 pede
587 1723 714 1786 victus:

171 1824 275 1886 Catus
289 1821 376 1885 idem
390 1842 446 1904 per
459 1832 606 1904 apertum
620 1820 781 1904 fugientes
796 1821 916 1903 agitato
1110 1817 1149 1885 10

171 1922 278 2004 Grege
293 1940 403 1983 cervos
414 1921 559 2005 jaculari,
575 1932 607 1984 et
620 1921 705 1984 celer
719 1920 784 1983 alto
799 1919 979 1984 latitantem

256 2020 419 2083 Frutioeto
433 2020 578 2102 excipere
594 2039 717 2104 aprum

489 2562 669 2624 OARMEN
696 2562 791 2624 XIIL

365 2761 417 2803 An
448 2761 624 2804 romam
656 2760 914 2805 nonnosus.

298 2937 328 3000 Ο
342 2927 414 2999 sons
427 2936 621 3019 Bandusiae,
637 2936 831 3021 splendidior
844 2938 937 3018 vitro,

298 3035 397 3099 Duloi
410 3036 506 3119 digne
520 3056 615 3117 maro,
630 3056 697 3100 non
711 3037 781 3101 sina
795 3035 936 3117 floribus,

340 3135 420 3198 Cras
434 3134 602 3199 donaberis
616 3134 730 3217 hoedo,

381 3234 446 3298 Oui
460 3233 546 3298 frons
561 3233 690 3317 turgida
702 3236 854 3300 cornibus

296 3431 413 3495 Primis
428 3442 460 3495 et
474 3453 624 3497 venerem
637 3443 670 3497 et
683 3432 805 3515 proelia
816 3432 973 3512 destinam
1124 3436 1142 3496 t

299 3530 449 3597 Frustra:
472 3552 550 3597 nam
566 3532 688 3615 gelidos
703 3531 824 3599 inficiet
838 3534 895 3597 tibi

530 3731 559 3780 C.
572 3732 613 3781 xii.
629 3734 666 3780 ll.
684 3740 747 3779 arto.
