2742 4250
226 227 298 300 att
553 241 606 292 rm
629 241 728 291 rsus
751 239 915 292 aomos

266 402 403 484 Fingere
417 399 568 464 cinctutis
580 419 649 462 non
662 398 820 462 exaudita
834 399 997 482 Cethegis:
1133 450 1136 455 ,
1205 393 1258 474 50,
1356 431 1358 453 1

265 502 446 584 Continget,
461 500 653 582 dabiturque
668 498 798 562 licentia
812 509 944 581 sumpta
959 497 1126 583 pudenter.

265 602 310 666 Et
324 620 410 674 nova
423 599 565 682 fictaque
578 617 682 682 nuper
695 597 863 661 habebunt
877 599 1098 680 verbafidem,
1112 602 1141 665 si

266 703 388 766 Graeco
403 699 490 763 sonte
504 697 630 778 cedent,
645 715 744 781 parce
753 697 886 774 detorta
927 698 1022 768 Quid
1036 705 1147 766 autem

264 801 407 865 Caecilio
421 799 603 880 Plautoque
616 798 707 862 dabit
721 798 899 877 Romanus,
913 798 1105 881 ademptum

263 900 396 983 Virgilio
411 899 595 979 Varioque?
637 897 712 980 Ego
726 916 792 976 cur,
807 898 973 979 acquirere
987 916 1094 982 pauca
1202 905 1247 966 56

264 1001 299 1064 Si
314 1017 456 1082 possum,
471 997 625 1077 invideor,
640 1015 719 1060 cum
733 996 848 1080 lingua
858 997 995 1060 catonis
1006 1009 1042 1062 et
1056 999 1146 1064 Eunt

264 1102 453 1165 Sermonem
467 1096 771 1180 patriumditsverit
785 1106 819 1159 et
830 1097 919 1160 nova
931 1117 1056 1163 rerum.

264 1199 405 1264 Nomina
420 1195 608 1281 protrderitl
630 1244 634 1252 .
652 1196 761 1260 Licuit
775 1213 965 1279 semperque
979 1196 1095 1278 licebit,

264 1299 442 1381 Signatum·
451 1305 712 1379 praesentenota
724 1295 900 1378 producere
913 1297 1043 1360 nornen.

264 1399 309 1463 Ut
323 1397 424 1461 silvae
437 1397 523 1461 soliis
537 1405 836 1478 pronosmutantur
847 1396 887 1459 iu
899 1415 1012 1476 anuos,

265 1497 373 1561 Prima
388 1495 510 1576 cadunt
520 1517 535 1558 :⁴
552 1496 598 1558 ita
613 1496 784 1558 verborum
799 1506 895 1558 retus
903 1497 1014 1559 interit
1028 1507 1127 1577 aetas,

265 1597 310 1659 Et
319 1598 480 1681 juvenum
495 1596 559 1658 ritu
572 1595 688 1658 florent
702 1594 798 1661 modo
812 1606 891 1658 nata
904 1596 1088 1679 vigentque.

265 1697 429 1758 Debemur
443 1695 538 1758 morti
551 1713 611 1757 nos
625 1706 819 1776 nostraquer
838 1694 909 1758 sire
923 1709 1070 1778 receptus

264 1796 367 1859 Terra
381 1794 555 1878 Neptunus
568 1793 690 1857 classes
704 1792 920 1876 Aquilonibus
932 1806 1030 1876 arcet,

264 1895 362 1978 Regis
377 1915 466 1978 opus,
482 1893 710 1957 sterilisuediu
725 1893 821 1977 palus
833 1904 978 1977 aptaque
993 1896 1088 1958 remis
1137 1919 1140 1922 ⁴
1200 1899 1245 1960 66

157 2045 159 2050 .
264 1996 395 2059 Vicinos
410 1995 507 2058 urbes
520 1993 579 2057 alit
592 2003 625 2056 et
639 2013 738 2076 grave
752 1993 852 2057 sentit
866 2005 1018 2075 aratrum,

263 2097 331 2161 Seu
345 2115 478 2160 cursum
494 2094 634 2159 mutavit
648 2094 799 2177 iniquum
813 2093 961 2177 frugibus
975 2096 1090 2177 amnis,

265 2196 389 2259 Doctus
403 2195 462 2257 iter
475 2194 610 2276 melius3
634 2194 783 2257 mortalia
797 2192 883 2260 facta
897 2195 1056 2277 peribunt,

264 2294 395 2360 Nedum
410 2314 594 2365 sermonum
609 2303 670 2357 stet
684 2295 788 2357 honos
802 2304 834 2357 et
848 2295 958 2377 gratia.
966 2295 1076 2358 vivax.

264 2394 371 2459 Multa
387 2406 602 2475 renascentur,
618 2396 783 2479 quaejam
797 2394 948 2474 cecidere,
964 2395 1147 2477 cadentque
1200 2397 1243 2461 70

264 2497 362 2565 Quae
374 2514 462 2559 nunc
476 2504 554 2557 sunt
568 2495 602 2559 in
617 2495 745 2575 honore,
760 2494 934 2574 vocabula,
944 2496 972 2556 si
987 2495 1074 2557 uolet
1088 2514 1179 2576 usus,

265 2597 376 2665 Quem
390 2614 488 2677 penes
503 2593 670 2658 arbitrium
683 2604 733 2657 est
746 2605 779 2656 et
788 2596 889 2678 juset
904 2594 1196 2675 norma‘loquendi.

264 2695 329 2758 Res
345 2705 453 2777 gestae
468 2712 645 2777 regumque
660 2694 848 2777 ducumque
863 2704 895 2756 et
911 2692 1113 2757 tristiabella
1176 2777 1179 2783 Ι

264 2796 343 2865 Quo
357 2795 451 2858 scribi
465 2803 596 2877 possent
609 2814 753 2874 numero,
768 2795 961 2857 monstravit
975 2795 1149 2857 Homerus.

230 2912 232 2917 ·
264 2894 416 2957 Versibus
432 2892 592 2976 impariter
602 2894 725 2977 junctis
739 2894 941 2976 querimonia
954 2892 1105 2975 primum,
1200 2894 1242 2957 75

265 2995 342 3057 Post
355 2994 453 3057 etiarn
462 2994 594 3063 'inclusa
608 3005 658 3055 est
670 2993 738 3055 ¹voti
752 2993 912 3055 sententia
926 3012 1067 3075 compos.

265 3093 351 3163 Quis
366 3103 476 3156 tamen
491 3090 626 3175 exiguos
641 3092 749 3174 elegos
763 3092 904 3155 emiserit
917 3103 1048 3170 auctor,

266 3192 475 3255 Grammatici
490 3202 613 3255 certant
627 3203 659 3255 et
673 3192 783 3255 adhuc
797 3193 859 3255 sub
868 3191 980 3276 judice
994 3190 1107 3254 lisest.

199 3346 202 3353 ,
265 3290 497 3354 Archilochum
512 3293 635 3374 proprio
650 3292 754 3355 rabies
769 3293 908 3355 armavit
922 3292 1050 3355 iambo:

267 3390 363 3453 Hunc
378 3390 462 3453 socci
476 3410 587 3473 cepere
601 3391 716 3474 pedem
731 3391 933 3474 grandesque
947 3390 1107 3471 cothurni,
1201 3390 1243 3453 su

269 3490 407 3555 Alternis
422 3500 535 3575 aptum
551 3492 760 3572 sermonibus,
776 3502 808 3554 et
822 3492 992 3575 populares

395 3723 434 3772 5³.
453 3720 548 3771 cadant.
616 3723 655 3771 59.
673 3722 811 3783 procudere.
880 3723 919 3771 62.
937 3723 1070 3783 virentque.
