2742 4250
663 279 864 334 CARMINUM

426 454 429 460 ·
445 438 619 503 Sordidum
633 438 786 503 flammae
801 440 960 524 trepidant
975 453 1116 508 rotantes

528 539 652 603 Vertice
666 538 805 604 sumum.

445 738 490 802 Ut
504 747 613 801 tamen
628 739 714 801 noris
728 740 848 820 quibus
863 739 1028 803 advoceris

445 837 591 918 Gaudiis,
606 837 685 901 Idus
701 838 759 902 tibi
773 849 850 903 sunt
864 840 1020 920 agendae,

444 937 515 1006 Qui
530 936 598 999 dies
613 957 759 1002 mensem
776 938 909 1002 Veneris
924 940 1068 1002 marinae

529 1035 641 1100 Findit
655 1037 807 1119 Aprilem,

444 1235 522 1300 Jure
537 1235 701 1299 sollemnis
716 1237 797 1300 mihi
813 1237 1014 1321 sanctiorque

444 1336 551 1399 Paene
566 1337 666 1399 natali
680 1337 812 1420 proprie,
828 1338 915 1419 quod
930 1359 972 1401 ex
987 1339 1049 1402 hac

444 1436 534 1500 Luee
550 1437 722 1498 Maecenas
738 1457 830 1500 meus
845 1436 1015 1502 affluentes

529 1535 666 1599 Ordinat
680 1557 791 1599 annos

444 1736 639 1820 Telephum,
655 1757 755 1819 quem
771 1749 806 1799 tu
822 1738 911 1820 petis,
927 1737 1106 1819 occupavit,

444 1836 519 1900 Non
534 1846 609 1898 tuae
624 1837 716 1898 sortis
726 1839 889 1921 juvenem,
905 1837 1015 1921 puella

446 1936 547 1999 Dives
562 1946 594 1998 et
609 1935 739 2016 lasciva,
745 1946 895 2019 tenetque
910 1947 1001 2020 grata

529 2035 693 2118 Compede
708 2037 863 2099 vinetum.

443 2239 557 2302 Terret
572 2238 743 2301 ambustus
758 2238 927 2301 Phaethon
943 2256 1058 2299 avaras

443 2338 532 2420 Spes,
548 2347 580 2400 et
594 2336 781 2420 exemplum
796 2356 893 2419 grave
908 2336 1037 2418 praebet
1051 2336 1119 2397 ales

444 2439 598 2521 Pegasus,
606 2448 765 2500 terrenum
781 2438 921 2519 equitem
938 2440 1091 2519 gravatus

527 2538 813 2619 Bellerophontem,

442 2737 576 2818 Semper
590 2746 627 2797 ut
642 2745 672 2797 te
687 2734 786 2817 digna
802 2755 936 2816 sequare
951 2744 983 2796 ot
997 2733 1081 2796 ultra
1115 2813 1117 2819 Ι

443 2836 559 2905 Quam
573 2834 647 2898 lieet
662 2854 787 2916 sperare
803 2832 893 2895 nefas
908 2831 1061 2915 putando,

442 2935 614 3017 Disparem
628 2934 719 2997 vites.
764 2935 833 3015 Age
844 2934 921 3017 jam,
939 2950 1083 2995 meorum

528 3034 621 3097 Finis
636 3052 831 3112 amorum,—

443 3232 517 3297 Non
531 3232 621 3295 enim
635 3232 770 3314 posthae
785 3232 850 3294 alia
865 3232 977 3294 calebo

447 3330 776 3396 Femina-condisce
791 3330 910 3410 modos,
927 3328 1069 3393 amanda

446 3430 528 3496 Voce
543 3451 624 3513 quos
638 3431 771 3496 reddas:
794 3432 981 3494 minuentur
996 3440 1083 3492 atrae

528 3531 678 3595 Cannine
694 3551 798 3594 curae.
1028 3520 1031 3527 ⁵

626 3731 647 3781 C
668 3734 754 3782 ¹113.
773 3732 897 3783 advocere.
