2742 4250
418 261 576 312 nisani.
618 240 657 312 ‘o
683 247 815 313 xxxvi
1078 247 1125 317 3⁹

255 417 376 484 Incude
392 417 544 502 diffingas
558 427 705 482 retusum
719 419 754 482 in

295 519 500 601 Massagetas
514 519 708 602 Arabasque
722 518 862 584 serrum!
1079 520 1122 586 to

435 1089 615 1154 cauum*
642 1088 793 1152 xxxvi

968 1206 993 1272 l<

256 1290 300 1334 ΙΝ
334 1287 540 1332 HONOREM
572 1289 719 1332 PLO’Ill
754 1284 967 1337 NUH'lDAE·

210 1467 255 1531 Et
269 1468 363 1530 tnure
377 1475 410 1529 et
424 1463 544 1529 fidibus
553 1465 649 1550 juvat

250 1566 383 1630 Placare
397 1576 430 1628 et
443 1563 538 1629 vituli
553 1563 714 1648 sanguine
728 1565 835 1630 debito
949 1587 952 1590 ’

209 1665 369 1730 Custodes
383 1664 548 1730 Numidae
563 1663 648 1745 deos,

251 1766 320 1837 Qui
336 1783 426 1829 nuuc
440 1763 595 1847 Hesperia
610 1783 720 1847 sospes
734 1765 776 1828 ab
790 1764 914 1847 ultima,

211 1867 302 1928 Caris
317 1866 422 1928 multa
438 1865 611 1946 sodalibus,
1096 1869 1117 1932 5

250 1965 341 2028 Nulli
356 1964 450 2046 plura
464 1975 574 2028 tamen
588 1963 704 2028 dividit
717 1964 837 2045 oscula,

209 2065 322 2135 Quam
337 2062 426 2128 dulci
440 2060 584 2145 Lamiae,
600 2082 722 2128 memor

250 2165 351 2228 Actae
366 2182 432 2227 non
448 2163 512 2226 alio
526 2184 599 2247 rege
614 2163 765 2247 puertiae,

209 2264 421 2346 Mutatoeque
436 2263 535 2329 simul
547 2274 650 2347 togae.

250 2364 366 2426 Cressa
380 2382 424 2426 ne
437 2373 550 2426 careat
560 2363 696 2447 pulchra
710 2363 779 2427 dies
794 2376 879 2445 nota,
1076 2368 1115 2428 ltl

209 2462 281 2528 Neu
295 2472 461 2545 promptae
476 2462 593 2526 modus
608 2464 790 2546 amphorae,

248 2562 322 2627 Neu
337 2581 460 2625 morem
474 2562 506 2626 in
522 2562 650 2627 Salium
665 2564 707 2627 sit
720 2563 846 2647 requies
861 2564 991 2648 pedum,

206 2662 279 2727 Neu
294 2661 390 2726 multi
404 2661 553 2725 Damalis
568 2662 647 2726 meri

247 2763 388 2825 Bassum
402 2762 557 2825 Threicia
571 2762 681 2826 vineat
696 2762 865 2846 amystide,

207 2860 281 2924 Neu
295 2859 403 2923 desint
417 2861 522 2943 epulis
536 2880 635 2940 rosae,
1076 2864 1113 2925 ld

249 2959 322 3024 Neu
337 2960 438 3023 vivax
453 2960 574 3042 apium,
590 2979 656 3023 neu
669 2960 766 3022 breve
781 2957 895 3024 lilium.

206 3059 330 3123 Omnes
345 3058 378 3122 in
394 3057 549 3123 Damalin
564 3071 672 3143 putres

127 3239 130 3245 ,
248 3158 419 3241 Deponent
433 3158 552 3238 oeulos
569 3180 630 3224 neo
646 3160 795 3223 Damalis
810 3179 894 3223 novo

205 3256 385 3321 Divelletur
399 3257 551 3339 adultero,

248 3358 396 3422 Lascivis
412 3358 539 3421 hederis
554 3358 757 3440 ambitiosior.

127 3568 129 3576 ’
227 3556 267 3607 89,
286 3555 414 3621 ἀεῆιιμες
431 3568 549 3607 recusum.
648 3557 772 3609 Canni.
787 3554 825 3608 18,
841 3558 983 3608 Nesmutti
