2742 4250
459 263 579 313 LIBER.
630 262 660 312 0.
684 262 777 314 xvn.

152 421 287 503 Pinguia
301 440 362 483 nec
377 420 470 484 siccis
484 429 621 483 urantur
634 422 759 483 semina
774 420 883 503 glebis,

191 521 373 601 Utrumque
387 540 461 601 rege
477 520 858 603 temperanteCoelitum.

150 618 223 681 Non
238 621 305 682 huc
320 621 427 701 Argoo
440 619 606 682 contendit
619 620 739 701 remige
754 621 859 703 pinus,

189 720 303 801 Neque
318 718 483 801 impudica
498 720 628 781 Colchis
643 720 753 783 intulit
767 718 901 802 pedem:

150 818 221 881 Non
234 819 301 881 huc
316 818 440 882 Sidonii
455 829 613 882 torserunt
626 839 747 882 cornua
761 805 892 899 nautae,

188 917 363 980 Laboriosa
379 936 440 979 nec
454 918 568 980 cohors
582 917 699 981 Ulixei.

152 1016 247 1079 Nulla
260 1027 378 1081 nocent
390 1018 496 1099 pecori
510 1018 680 1099 contegia3
703 1017 826 1081 nullius
842 1019 918 1081 astri

189 1118 328 1199 Gregem
343 1128 494 1179 aestuosa
509 1127 603 1180 torret
617 1118 814 1199 impotentia.

150 1216 272 1297 Jupiter
287 1216 343 1278 illa
358 1216 429 1299 piae
444 1216 580 1279 secrevit
594 1216 686 1279 litora
701 1217 797 1299 genti,

188 1316 233 1379 Ut
248 1315 432 1396 inquinavit
447 1336 519 1378 aere
534 1325 663 1398 tempus
678 1336 837 1379 aureum:

151 1415 236 1494 Aere,
251 1414 369 1477 dehinc
384 1414 465 1479 ferro
480 1415 610 1478 duravit
624 1414 765 1495 saecula,
781 1435 919 1497 quorum

188 1516 255 1578 Piis
270 1516 422 1589 secunda,
438 1526 513 1579 vate
528 1536 589 1596 me,
606 1515 702 1579 datur
716 1515 803 1599 suga.

564 1834 672 1846 --....

456 2075 636 2137 OARMEN
670 2075 776 2136 XVII.

281 2260 338 2302 An
370 2260 613 2302 CANIDIAM
649 2261 949 2304 VENEFIGAM.

538 2443 689 2482 norimus,

222 2582 297 2644 Jarn
307 2581 376 2663 jam
391 2579 515 2643 efficaci
529 2578 571 2640 do
586 2599 705 2641 manus
721 2579 880 2660 scientiae,

221 2678 366 2760 Supplex
380 2689 412 2740 et
426 2698 480 2740 oro
495 2698 594 2760 regna
608 2698 664 2761 per
678 2679 894 2761 Proserpinae,

222 2778 328 2840 Petet
343 2778 469 2840 Dianae
484 2797 550 2840 non
564 2777 725 2842 movenda
739 2779 885 2860 numina,

220 2877 281 2940 Per
294 2888 392 2958 atque
408 2877 503 2939 libros
518 2877 703 2941 carminum
718 2877 897 2941 valentium

221 2975 339 3040 Refixa
353 2977 441 3039 coelo
456 2976 612 3040 devocare
626 2976 738 3058 sidera,

222 3075 369 3155 Canidia,
385 3097 479 3158 parce
493 3077 629 3140 vocibus
644 3076 777 3140 tandem
792 3078 900 3159 sacris,

221 3177 396 3257 Citumque
411 3187 492 3239 retro
506 3176 605 3256 solve,
621 3177 710 3239 solve
727 3178 896 3242 turbinem.

220 3275 323 3338 Movit
337 3286 486 3359 nepotem
501 3275 668 3358 Telephus
683 3277 845 3357 Nereium,

219 3375 258 3439 In
273 3396 370 3460 quem
386 3378 543 3459 superbus
557 3376 719 3439 ordinarat
734 3377 866 3459 agmina

221 3474 390 3558 Mysorum
404 3487 436 3538 et
451 3477 484 3540 in
499 3496 597 3558 quem
612 3475 677 3539 tela
693 3488 789 3539 acuta
804 3487 943 3540 torserat.

267 3672 307 3724 61.
324 3677 406 3724 eunti.
472 3675 512 3724 63.
529 3678 640 3725 sacravit.
708 3676 747 3726 65.
766 3675 847 3725 Aeree
860 3675 955 3726 dehinc.

490 3755 517 3805 G.
531 3758 588 3805 xvii.
601 3758 624 3806 5.
643 3753 737 3806 Defixo.

1084 3478 1118 3538 11]
