2742 4250
616 276 815 327 calamon

399 432 492 503 Quid
510 434 664 513 Rhoetus,
680 435 868 517 evulsisque
883 438 1005 501 truncis

439 532 627 597 Enceladus
637 534 796 617 jaculator
810 535 931 608 audax.

356 732 476 794 Contra
491 718 660 795 sonantem
676 733 819 797 Palladis
834 736 950 819 aegida

356 830 491 893 Possent
505 832 658 894 ruentes?
702 833 789 895 Hinc
803 834 922 898 avidus
936 837 1025 901 stetit

397 930 573 1012 Vulcanus,
588 930 666 993 hinc
681 941 831 995 matrona
845 934 932 997 Juno
946 946 981 999 et

441 1029 618 1111 Nunquam
633 1030 778 1093 humeris
792 1034 954 1115 positurus
969 1055 1091 1114 arcum,

355 1228 425 1298 Qui
441 1248 507 1291 rore
522 1247 600 1310 puro
616 1230 778 1293 Castaliae
793 1231 873 1295 lavit

355 1329 468 1391 Onnes
484 1328 614 1410 solutor,
630 1330 687 1411 qui
702 1330 825 1413 Lyciae
840 1342 927 1397 tenet

399 1429 541 1491 Dumeta
556 1429 764 1512 natalemque
779 1431 907 1512 silvam,

439 1528 553 1591 Delius
568 1538 600 1591 et
614 1530 771 1594 Patareus
785 1532 910 1615 Apollo.

356 1727 412 1789 Vis
427 1728 540 1791 consilt
555 1748 669 1811 expers
685 1728 770 1793 mole
784 1731 849 1794 ruit
862 1751 942 1795 sua:

324 1896 327 1905 p
359 1827 429 1890 Vim
444 1836 653 1909 temperatam
668 1828 703 1891 dl
716 1850 845 1913 quoque
860 1832 1042 1914 provehunt

399 1928 434 1989 ln
451 1928 573 2011 majus;
598 1928 682 1991 idem
699 1930 793 1992 odere
807 1931 892 1993 vires

354 2062 358 2069 ·
439 2026 545 2089 Omne
560 2028 651 2090 nefas
667 2029 776 2091 animo
791 2040 966 2092 moventes.

354 2225 464 2289 Testis
480 2245 626 2290 mearum
641 2229 845 2292 centimanus
861 2230 951 2310 Gyas

354 2325 602 2404 Sententiarum,
619 2337 716 2391 notus
730 2339 762 2390 et
776 2328 918 2410 integrae

395 2424 554 2489 Tentator
568 2425 667 2490 Orion
684 2427 820 2507 Dianae,

439 2524 590 2607 Virginea
604 2524 745 2589 domitus
760 2526 887 2609 sagitta.

355 2725 475 2807 lnjecta
490 2727 640 2788 monstris
656 2726 759 2789 'Pena
773 2725 860 2789 dolet
874 2728 943 2789 suis

198 2843 199 2846 ¹
256 2875 257 2878 ,
354 2823 538 2905 Moeretque
554 2836 664 2906 partus
678 2824 815 2888 fulmine
830 2825 973 2888 luridum

395 2923 512 2986 Missos
528 2923 570 2986 ad
587 2923 728 2987 Orcum:
751 2943 812 2986 nec
827 2923 948 3006 peredit

438 3023 627 3106 Impositum
642 3023 726 3086 celer
741 3023 825 3105 ignis
840 3024 999 3085 Aetnam:

355 3221 586 3285 lncontinentis
601 3239 661 3282 nec
677 3221 769 3304 Tityi
780 3222 872 3304 jecur

355 3319 498 3402 Reliquit
512 3319 588 3400 ales,
603 3321 766 3402 nequitiae
781 3319 912 3383 additus

396 3421 531 3502 Custos3
555 3430 731 3484 amatorem
745 3430 903 3483 trecentae

438 3521 618 3584 Pirithoum
632 3521 782 3583 cohibent
796 3530 938 3583 catenae.

314 3723 353 3772 m.
372 3719 466 3783 Gigas3
484 3722 585 3784 Gygen
602 3719 639 3770 Cl'.
652 3721 694 3770 lib.
711 3721 836 3778 t,1t‚14.
938 3719 975 3770 78.
996 3715 1124 3780 Relinquit.
