2742 4250
435 257 546 307 LIBER
570 256 595 306 1.
646 255 675 306 Ο.
702 256 764 306 XV.

174 415 412 500 Nequidquam,
427 414 559 478 Veneris
573 413 732 496 praesidio
745 410 845 492 ferox,

173 518 282 582 Peotes
298 515 485 596 caesariem,
501 524 657 597 grataque
671 511 803 576 seminis

172 616 298 680 Imbelli
313 615 440 678 eithara
453 614 599 676 earmina
614 612 761 676 divides:

210 714 446 800 Nequidquam
461 709 607 777 thalamo
622 715 738 796 grav'es

170 916 290 980 Hastas
306 926 338 978 et
352 913 471 978 calami
487 913 612 995 spicula
628 912 739 976 Cnosii

174 1016 304 1096 vitabis,
320 1014 610 1096 strepitumqueset
622 1011 760 1075 celerem
774 1011 866 1093 sequi

173 1115 325 1199 Ajacem:
348 1123 459 1178 tamen
482 1113 549 1176 heu
564 1131 653 1175 serus
667 1111 830 1176 adulteros

212 1214 326 1277 Crines
341 1213 474 1296 pulvere
489 1211 632 1276 oollines.

171 1412 242 1478 Non
257 1412 461 1492 Laertiaden,
477 1412 615 1475 exitium
630 1419 706 1474 tuae

171 1513 275 1594 Genti,
290 1531 357 1576 non
372 1512 505 1596 Pylium
519 1511 656 1600 Nestora
669 1511 800 1593 respicis
809 1511 830 1575 l'

170 1612 294 1695 Urgent
307 1611 464 1694 impavidi
479 1621 510 1674 te
525 1611 726 1675 Salaminius

212 1715 344 1777 Teucer
357 1721 389 1774 et
403 1711 578 1776 Sthenelus
593 1710 698 1774 sciens

170 1911 312 1994 Pugnae,
328 1911 396 1973 sive
410 1929 493 1993 opus
507 1919 556 1972 est
571 1910 752 1992 imperitare
766 1911 867 1992 equis,

170 2009 243 2075 Non
257 2011 372 2093 auriga
387 2011 485 2093 piger.
529 2010 697 2074 Merionen
711 2029 841 2093 quoque

170 2109 300 2176 Nosces.
344 2110 432 2175 Eece
447 2109 525 2174 furit
539 2120 570 2174 te
586 2110 722 2194 reperire
737 2120 829 2174 atrox

212 2210 369 2295 Tydides,
384 2211 497 2301 melior
510 2220 618 2293 patre:
755 2209 762 2220 ‘

169 2411 282 2481 Quem
297 2420 341 2492 tu,
357 2429 474 2473 cervus
489 2410 537 2473 uti
551 2409 646 2473 vallis
661 2410 697 2473 in
711 2410 811 2474 altera

170 2510 285 2572 Visum
298 2520 387 2592 parte
402 2507 518 2593 lupum
532 2510 688 2593 graminis
702 2510 878 2592 immemor,

169 2609 309 2673 Sublimi
323 2607 428 2691 fugies
443 2608 549 2691 mollis
563 2610 720 2692 anhelitu,

210 2708 285 2772 Non
299 2708 361 2797 hoo
376 2708 538 2791 pollicitus
553 2719 638 2773 tuae.

170 2907 331 2971 iracunda
346 2907 432 2985 diem
447 2907 582 2995 proferet
596 2909 655 2972 1110

170 3002 390 3089 Matronisque
404 3008 575 3091 Phrygum
588 3000 702 3072 classis
715 3008 855 3073 Achillei
866 3030 875 3091 3

172 3102 246 3169 Post
259 3116 363 3169 certas
377 3107 501 3171 hiemes
516 3119 587 3172 uret
600 3108 766 3171 Achaious

211 3197 301 3288 Ig'nis
316 3206 434 3270 iliacas
449 3206 571 3271 domos

297 3406 339 3457 20.
357 3406 470 3487 Cultus·
615 3408 657 3466 21,
667 3407 708 3459 22
726 3406 893 3462 Num-num.

186 3486 224 3537 M
243 3488 348 3548 Teucer,
358 3498 402 3551 te,
419 3488 560 3550 Teucerqoe
572 3497 605 3547 et,
617 3488 647 3538 de
658 3491 723 3555 conj.
829 3492 870 3541 ³5.
887 3492 998 3541 thairu

489 3569 529 3621 ³6.
549 3570 704 3635 Pergameae.
