2742 4250
228 222 298 296 226
622 225 837 277 samareon

271 388 341 451 Hoc
356 386 412 448 ubi
425 383 600 448 confusum
615 386 710 447 sectis
726 383 877 447 inferbuit
891 382 998 452 herbis

271 486 470 569 Corycioque
485 504 577 547 croco
591 504 741 567 sparsum
756 484 849 563 stetit,
865 484 996 565 insuper
1010 482 1119 563 addes,
1133 538 1134 543 ,

274 587 386 649 Pressa
401 583 605 647 Venafranae
620 582 709 665 quod
723 584 825 647 bacca
840 584 962 645 remisit
976 583 1089 647 olivae.

277 685 401 749 Picenis
415 684 537 747 cedunt
551 684 655 765 pomis
671 683 823 748 Tiburtia
835 668 953 745 succo:
1218 685 1266 749 ro
1359 742 1360 763 ἶ

267 781 303 846 N
305 804 359 846 am
374 782 457 846 facie
471 792 646 866 praestant.
690 782 861 853 Venucula
875 782 1027 851 convenit
1041 782 1132 859 ollis;

269 879 405 946 Rectius
420 883 583 945 Albanam
598 880 694 955 fumo,
704 881 870 945 duraveris
886 902 996 945 uvam.
1359 894 1360 901 ’

270 980 368 1046 Hanc
383 1003 443 1066 ego
457 1002 535 1045 cum
550 982 653 1061 malis,
670 1000 731 1064 ego
745 980 869 1045 faecem
883 982 1007 1065 primus
1022 994 1054 1045 et
1069 982 1149 1045 allec

275 1084 402 1147 Primus
416 1093 449 1145 et
463 1083 608 1147 invenior
622 1082 711 1165 piper
725 1081 845 1161 album,
860 1102 938 1145 cum
953 1083 1020 1148 sale
1035 1082 1126 1165 nigro

274 1184 446 1261 meretum,
461 1182 550 1265 puris
564 1176 834 1263 circumposuisse
848 1180 974 1251 catillis.
1214 1184 1264 1246 75

274 1284 423 1346 Immane
437 1292 486 1345 est
500 1282 626 1360 vitium,
642 1280 719 1343 dare
734 1280 837 1346 millia
852 1291 942 1343 tema
957 1279 1102 1361 mace110,

275 1384 487 1464 Angustoque
502 1400 603 1463 vagos
617 1380 721 1462 pisces
736 1400 849 1462 urgere
865 1380 982 1454 catino.

276 1483 400 1565 Magna
414 1490 523 1543 movet
538 1480 704 1558 stomacho
719 1479 857 1558 fastidia,
874 1500 932 1543 seu
946 1499 1026 1562 puer
1040 1479 1148 1543 unctis

275 1580 445 1644 'Praetavit
459 1579 593 1641 calicem
607 1578 768 1659 manibus,
784 1578 865 1643 dum
880 1578 965 1643 furta
979 1579 1096 1661 ligurit,

275 1680 354 1743 Sive
369 1678 477 1761 gravis
492 1678 591 1741 veteri
605 1687 747 1741 craterae
762 1678 860 1741 limus
875 1678 1032 1741 adhaesit.
1212 1680 1262 1743 80

276 1779 402 1842 Vilibus
417 1779 452 1841 in
466 1777 579 1859 scopis,
595 1777 629 1841 in
644 1777 779 1860 mappis,
797 1778 829 1840 in
846 1778 941 1841 scobe
956 1787 1098 1859 quantus

277 1878 432 1941 Consistit
446 1876 620 1961 sumptus?
641 1877 805 1960 neglectis,
820 1876 981 1959 flagitium
995 1877 1118 1959 ingens.

277 1975 361 2039 'I'en’
377 1973 500 2059 lapides
514 1975 621 2039 varios
636 1974 798 2039 lutulenta
812 1973 922 2039 radere
937 1975 1056 2058 palma,

277 2075 323 2138 Et
337 2074 460 2157 Tyrias
474 2070 550 2138 dare
565 2074 688 2138 circum
703 2073 792 2138 illota
807 2074 919 2149 toralia
935 2084 1048 2156 vestes,

279 2173 434 2253 oblitum,
450 2183 574 2256 quanm
588 2193 702 2236 curam
717 2184 949 2256 sumptumque
964 2175 1136 2244 minorem¹
1212 2176 1258 2238 85

278 2273 368 2337 Haec
384 2274 533 2353 habeant,
549 2283 639 2336 tanto
655 2273 844 2357 reprehendi
855 2274 975 2358 justius
991 2260 1062 2354 illis,

278 2373 376 2442 Quae
391 2372 454 2435 nisi
468 2372 623 2435 divitibus
637 2383 801 2455 nequeant
815 2374 999 2455 contingere
1014 2373 1134 2439 mensis
1144 2373 1199 2436 l·-

278 2473 380 2535 Docte
395 2471 477 2552 Cati,
493 2491 549 2554 per
562 2473 740 2536 amicitiam
755 2473 912 2554 divosque
926 2482 1066 2554 rogatus

278 2572 405 2634 Ducere
419 2591 473 2634 me
487 2572 648 2655 auditum,
664 2592 777 2655 perges
791 2592 995 2654 quocunque,
1012 2581 1182 2636 memento.

278 2670 373 2751 Nam
390 2671 542 2752 quamvis
556 2672 691 2734 memori
704 2671 821 2736 referas
837 2671 918 2734 mihi
931 2682 1055 2755 pectore
1070 2681 1198 2752 cuncta,
1213 2671 1257 2734 90

279 2768 353 2835 Non
368 2780 478 2834 tamen
492 2771 645 2854 interpres
660 2771 853 2835 tantundem
863 2773 995 2855 Juveris.
1039 2771 1133 2833 Adde

279 2868 416 2933 Vultum
431 2869 644 2952 habitumque
659 2870 808 2950 hominis,
824 2889 924 2951 quem
939 2881 975 2934 tu
989 2870 1110 2934 vidisse
1124 2869 1240 2933 beatus

280 2967 354 3034 Non
368 2970 480 3051 magni
495 2969 619 3052 pendis,
635 2970 714 3051 quia
728 2969 879 3056 contigit;
903 2980 937 3032 at
952 2969 1033 3032 mihi
1047 2988 1127 3032 cura

279 3066 354 3134 Non
369 3069 537 3131 mediocris
551 3069 643 3149 inest,
659 3067 763 3131 fontes
778 3078 815 3131 ut
829 3068 917 3132 adire
932 3078 1069 3130 remotos

281 3167 386 3249 Atque
401 3167 527 3230 haurire
543 3187 662 3250 queam
676 3168 763 3230 vitae
777 3179 946 3251 praecepta
961 3168 1083 3231 beatae.
1107 3208 1110 3212 -
1213 3167 1255 3230 95
1359 3167 1360 3248 ξ

355 3382 396 3432 2³.
413 3378 493 3432 halec.
559 3381 599 3432 78.
615 3391 723 3431 movent.
790 3383 830 3432 tu.
847 3380 932 3432 frusta.
998 3383 1038 3432 et.
1056 3380 1139 3432 inluta.

491 3461 532 3513 tt.
549 3471 679 3524 neqreunt.
744 3461 785 3512 to.
802 3461 891 3514 reseras
901 3463 1010 3512 memori.
