2742 4250
229 237 300 306 280
608 247 862 298 nrlsmualtuu

267 409 337 479 Qui
352 407 433 471 redit
448 407 482 470 iu
496 405 596 468 fastos
610 416 643 468 et
656 407 809 468 virtutem
823 403 974 467 aestimat
987 423 1093 484 annis,

267 510 468 590 Miraturque
482 506 573 586 nihil,
588 505 652 569 nisi
666 504 755 586 quod
768 503 912 568 Libitina
926 504 1094 590 sacravit]

268 609 407 687 Ennius,
422 617 454 670 et
468 605 597 688 sapiens
611 617 643 668 et
658 604 756 684 fortis,
770 615 804 668 et
817 604 898 666 alter
912 603 1082 683 Homerus,
1209 605 1263 668 5⁰

269 709 314 772 Ut
328 708 429 772 critici
444 707 564 784 dicuut,
580 705 692 768 leviter
704 724 818 768 cinare
831 702 968 781 videtur,
1357 718 1358 771 l

268 811 348 878 Quo
362 807 519 890 promissa
532 803 652 868 cadant
666 815 699 868 et
713 805 840 867 somnia
855 803 1070 886 Pythagorea

269 907 415 972 Naevius
430 906 463 968 in
479 905 630 968 manibus
644 923 712 968 non
725 914 783 983 est,
798 915 831 966 et
845 904 1008 970 mentibus
1023 903 1134 966 haeret

270 1009 378 1071 Paene
393 1005 527 1070 recensi
555 1004 647 1068 Adeo
661 1015 813 1067 sanctum
827 1014 877 1066 est
888 1013 983 1066 vetus
996 1021 1093 1066 omne
1107 1021 1240 1085 poema
1358 1065 1359 1088 χ

270 1106 455 1188 Ambigitru
468 1105 603 1187 quoties,
619 1115 691 1168 uter
704 1115 777 1168 utro
790 1105 833 1168 sit
846 1103 939 1185 prior,
953 1103 1059 1167 ausen
1208 1105 1258 1166 55
1358 1094 1359 1171 ῗ

270 1206 436 1270 Pacuvius
450 1204 536 1268 docti
550 1203 674 1268 famam
689 1205 785 1284 senia,
800 1204 921 1268 Accius
935 1203 992 1266 alti
1005 1225 1013 1285 3

270 1305 398 1370 Dicitur
412 1303 527 1368 Afrani
541 1314 616 1386 toga
629 1304 820 1366 convenisse
835 1301 1023 1381 Menandro,

270 1406 408 1470 Plautus
423 1404 466 1468 ad
480 1404 647 1487 exemplar
660 1403 765 1468 Siculi
779 1423 947 1487 properare
960 1401 1160 1484 Epicharmi,

271 1507 405 1568 Vincere
420 1503 582 1566 Caecilius
596 1503 762 1586 gravitate,
778 1503 952 1566 Terentius
965 1513 1043 1564 arte.

271 1607 340 1669 llos
355 1605 468 1668 ediscit
481 1617 514 1668 et
528 1606 805 1688 hosartostipata
818 1607 944 1670 theatro
1206 1609 1255 1671 60

270 1707 402 1787 Spectat
415 1706 520 1770 Roma
535 1715 665 1788 potens3
689 1707 787 1770 habet
801 1707 861 1772 hos
875 1717 1087 1788 numeratque
1102 1717 1216 1788 poetas

270 1804 323 1868 Ad
338 1814 485 1868 nostrum
498 1815 626 1888 tempus
640 1805 716 1868 Livt
730 1805 891 1888 scriptoris
905 1807 948 1869 ab
962 1825 1052 1870 aevo.

272 1904 439 1968 Interdum
454 1903 575 1986 vulgus
589 1915 714 1968 rectum
727 1904 836 1987 videt3
858 1917 909 1968 est
923 1905 979 1970 ubi
992 1917 1114 1988 peccat.

273 2005 309 2068 Si
324 2015 447 2067 veteres
461 2005 507 2066 ita
521 2004 656 2069 miratur
670 2004 848 2088 laudatque
861 2017 981 2088 poetas,

275 2103 320 2169 Ut
333 2103 415 2167 nihil
429 2103 594 2185 anteferat,
608 2104 692 2169 nihil
706 2105 770 2169 illia
783 2118 955 2189 comparet,
970 2117 1074 2169 enat:
1205 2107 1252 2171 66

274 2205 309 2267 Si
323 2204 486 2285 quaedam
501 2205 598 2269 nimis
613 2206 755 2287 antique,
770 2206 798 2269 si
812 2206 965 2288 pleraque
978 2207 1058 2269 dure

273 2302 388 2365 Dicere
402 2302 502 2367 credit
516 2323 579 2385 eos,
595 2304 714 2387 ignave
727 2304 832 2369 multa
846 2304 972 2384 fatetur,

272 2401 318 2463 Et
332 2402 415 2484 sapit
429 2410 461 2464 et
476 2420 605 2467 mecum
619 2402 697 2467 facit
711 2415 744 2467 et
756 2404 838 2469 Jove
848 2404 974 2487 judicat
988 2424 1101 2486 aequo.

273 2500 347 2563 Non
362 2499 512 2583 equidem
527 2502 665 2565 insector
679 2502 859 2565 delendave
872 2504 1019 2567 carmina
1032 2503 1109 2567 Livl

272 2598 355 2661 Esse
370 2620 446 2680 reor,
463 2600 596 2663 memini
609 2618 696 2683 quae
710 2602 882 2685 plagosum
895 2602 976 2666 mihi
990 2622 1091 2685 parvo
1204 2602 1250 2667 70

272 2697 432 2763 Orbilium
447 2699 584 2765 dictare:
608 2700 665 2763 sed
679 2700 854 2765 emendata
867 2701 971 2767 videri

273 2797 478 2881 Pulchraque
492 2810 524 2861 et
538 2800 662 2863 exactis
677 2801 852 2863 minimum
865 2800 1020 2865 distantia
1034 2800 1141 2867 miror.

273 2898 360 2960 Inter
373 2919 458 2981 quae
473 2900 608 2963 verbum
622 2900 755 2965 emicuit
769 2900 797 2963 si
813 2899 892 2964 sorte
905 2899 1067 2981 decorum,

272 2998 309 3061 Si
324 3018 436 3061 versus
450 2999 561 3082 paullo
574 3000 760 3063 concinnior
774 3020 863 3066 uuus
875 3011 908 3065 et
920 3001 1009 3081 alter,

273 3098 397 3181 Injuste
413 3108 517 3161 toturn
532 3098 624 3163 ducit
637 3099 814 3182 venditque
827 3120 952 3183 poema.
1206 3104 1248 3167 75

273 3195 426 3278 Indignor
440 3198 620 3278 quidquam
636 3199 833 3281 reprehendi,
848 3220 915 3265 nou
929 3220 1008 3283 qma
1021 3220 1130 3264 crasse

274 3295 496 3377 Conpositum
510 3295 679 3379 illepideve
694 3310 831 3381 putetur,
845 3301 904 3365 sed
917 3301 997 3384 quia
1009 3321 1131 3383 nuper:

275 3393 343 3459 Nec
357 3395 488 3459 veniam
502 3397 654 3479 antiquis,
670 3398 728 3461 sed
742 3400 898 3467 honorem
910 3411 945 3465 et
957 3402 1101 3484 praemia
1115 3402 1212 3483 posci.

277 3494 372 3558 Recte
388 3514 490 3559 necne
504 3517 635 3563 crocum
650 3497 808 3581 floresque
822 3501 1024 3583 perambulet
1035 3500 1134 3565 Attae

674 3728 715 3781 67.
732 3730 806 3781 oedit
