2742 4250
452 249 507 298 nn
527 249 632 300 rem
650 251 813 302 rennes.
1066 238 1136 311 297

129 473 134 488 ⁸
165 408 352 472 Vincentem
367 407 526 488 strepitus,
542 418 574 470 et
588 418 704 472 natum
720 410 814 472 rebus
827 410 973 492 agendis.
1060 459 1064 464 .

162 506 258 571 Musa
272 504 362 568 dedit
376 504 496 568 fidibus
512 506 605 570 divos
619 527 798 590 puerosque
813 509 955 590 deorum,

138 639 140 644 ·
161 607 204 671 Et
217 605 365 689 pugilem
378 605 540 685 victorem,
556 618 588 668 et
602 625 731 688 equum
739 609 915 672 certamine
929 610 1091 692 primum,-

163 707 204 770 Et
212 709 376 791 juvenum
391 725 495 785 curas,
511 717 543 768 et
559 707 657 770 libere
672 708 751 770 vina
765 708 889 771 referre.
1095 711 1137 776 85

160 807 345 888 llescn'ptas
361 825 488 870 servare
503 805 591 868 vices
605 825 803 890 operumque
818 808 948 886 colores,

159 907 226 969 Cur
239 924 313 988 ego,
325 923 355 975 sr
367 923 493 987 nequeo
508 904 691 988 ignoroque,
707 918 802 989 poeta
815 905 960 970 solutor?

159 1007 226 1069 Gur
239 1005 373 1086 nescire,
389 1003 516 1087 pudens
531 1024 638 1086 prave,
654 1025 756 1087 quam
770 1005 901 1086 discere,
917 1007 1028 1070 maloi

159 1104 313 1169 Versibus
327 1104 447 1187 exponi
462 1105 592 1186 tragicis
607 1125 658 1168 res
672 1104 798 1168 comica
812 1125 877 1170 non
893 1107 985 1170 vult:

158 1203 351 1287 Indignatur
365 1205 443 1267 item
457 1204 590 1286 privatis
602 1224 644 1266 ac
658 1224 755 1287 prope
770 1224 865 1267 socco
1093 1207 1137 1271 90

159 1303 276 1387 Dignis
290 1304 489 1368 carminibus
504 1304 626 1367 nerreri
640 1323 743 1368 coena
757 1305 936 1388 Thyestae.

158 1403 297 1485 Singula
311 1421 462 1484 quaeque
476 1403 584 1466 locum
592 1413 732 1467 teneant
747 1405 857 1468 sortita
871 1403 1030 1470 decenter.

151 1501 326 1566 ¹Interdum
342 1512 451 1566 tamen
465 1513 497 1566 et
512 1520 627 1566 vocem
639 1503 807 1568 comoedia
822 1505 913 1585 tollit,

159 1602 329 1684 lratusque
344 1602 499 1664 Chremes
514 1602 639 1665 tumido
653 1602 800 1686 delitigat
813 1624 876 1684 ore,

160 1702 204 1765 Et
217 1702 360 1784 tragicus
374 1701 564 1786 plerumque
579 1702 666 1766 dolet
679 1701 827 1767 sermone
841 1703 979 1786 pedestri
1095 1706 1136 1767 95

159 1802 329 1885 Telephus
342 1812 374 1864 et
388 1803 514 1882 Peleus,
523 1823 607 1866 curn
622 1823 747 1885 pauper
761 1813 793 1865 et
807 1803 911 1883 exsul,
928 1814 1063 1885 uterque

159 1903 287 1986 Projicit
301 1903 464 1985 ampullas
479 1913 511 1987 et
525 1901 764 1984 sesquipedalia
777 1903 884 1981 verba,

159 2002 193 2066 Si
207 2010 301 2065 curet
314 2021 369 2064 cor
382 2002 557 2084 spectantis
572 2001 714 2084 tetigisse
728 2001 886 2084 querelae

159 2102 233 2167 Non
248 2101 328 2165 setis
342 2112 391 2165 est
405 2101 541 2185 pulchra
555 2121 626 2166 esse
641 2112 810 2185 poemen:
831 2100 942 2165 dulcio
955 2110 1062 2182 sunto,

159 2202 203 2265 Et
217 2221 414 2284 quocunque
429 2202 546 2281 volent,
562 2202 712 2265 animum
726 2202 880 2265 auditoris
893 2211 1025 2284 agunto.
1076 2202 1137 2264 100

159 2301 203 2365 Ut
217 2300 397 2365 ridentibus
411 2299 559 2381 arrident,
576 2302 622 2365 ite
637 2301 790 2365 flentibus
805 2301 926 2365 adsunt

158 2387 442 2465 Humani'vultus.
485 2402 522 2465 si
536 2401 656 2463 visme
670 2401 754 2481 flere,
770 2400 947 2464 dolendum
961 2410 1011 2463 est

157 2500 305 2565 Primum
319 2500 381 2583 ipsi
396 2502 473 2582 tib13
498 2510 577 2564 tunc
593 2510 650 2565 tna
665 2521 719 2564 me
735 2501 910 2564 infortunia
926 2500 1064 2579 laedent,

158 2600 306 2683 Telephe
319 2600 372 2663 vel
387 2600 505 2664 Peleu:
527 2600 613 2662 mele
628 2601 655 2663 si
670 2600 827 2663 mandata
842 2600 988 2681 loqueris,

158 2702 225 2765 Aut
239 2700 418 2763 dormitabo
433 2709 491 2764 aut
505 2700 623 2763 ridebo.
668 2701 791 2765 Tristia
805 2710 967 2763 moestum
1076 2698 1137 2760 105

158 2802 295 2865 Vultum
310 2799 547 2880 verba-decent,
563 2801 680 2863 iratum
697 2800 794 2882 plene
808 2799 980 2873 minarum,

158 2898 492 2979 Ludentemlascive,
508 2919 659 2963 severum
674 2899 757 2962 serie
772 2898 869 2960 dictu.

159 3001 294 3063 Formet
307 2998 395 3063 enim
410 3008 528 3063 natura
543 2999 632 3082 prius
647 3018 707 3063 nos
721 2999 810 3061 intus
825 2996 867 3059 ad
881 3016 1013 3059 omnem

159 3101 380 3163 Fortunarum
394 3098 562 3180 habitum3
581 3101 685 3183 juvat,
702 3107 760 3161 aut
775 3095 909 3178 impellit
923 3095 966 3158 ad
981 3095 1071 3173 iram,

161 3201 228 3264 Ant
243 3199 286 3263 ad
301 3200 442 3263 humum
456 3219 598 3277 moerore
612 3198 704 3282 gravi
718 3197 848 3260 deducit
863 3206 897 3259 et
909 3195 1000 3279 angit
1013 3216 1021 3277 3
1076 3193 1138 3256 110

162 3301 238 3364 Post
252 3298 343 3364 effert
356 3299 458 3364 enimi
472 3309 580 3363 motus
595 3298 763 3381 interprete
777 3297 900 3379 lingua.

163 3399 197 3465 Si
212 3398 349 3463 dicentis
364 3409 458 3463 erunt
472 3398 607 3463 fortunis
622 3399 746 3462 absona
760 3396 856 3476 dicta,

288 3650 329 3699 92.
347 3649 483 3699 decentem.
558 3650 648 3708 95,96.
668 3648 779 3710 pedestri.
814 3643 978 3706 Telephna-.

433 3734 487 3783 101.
507 3732 602 3794 odsiut5
619 3730 719 3787 adflent,
731 3728 761 3778 ‹le
773 3730 836 3793 conj.
