2742 4250
468 285 628 337 mant.
679 287 785 339 0011.

163 442 302 523 Brachia,
319 461 415 526 saepe
430 442 527 525 disco,

198 542 300 626 Saepe
316 551 405 606 trans
420 541 520 607 finem
529 542 639 626 jaculo
654 541 770 608 nobilis
784 543 957 628 expediret

159 641 248 712 Quid
263 641 350 722 latet,
366 652 404 706 ut
417 643 562 706 marirrae

121 729 126 738 ⁸
197 743 322 808 Filium
336 742 450 806 dicunt
463 742 614 807 Thetidis
629 745 691 808 sub
705 743 877 808 lacrimosa
891 743 1009 828 Trojae

159 844 296 924 Funera,
313 863 355 907 ne
369 843 469 906 virilis
1097 842 1132 904 15

196 943 317 1009 Cultus
331 944 367 1007 in
381 942 515 1006 caedem
529 953 561 1006 et
575 943 696 1026 Lycias
711 944 883 1027 proriperet
895 954 1043 1008 catervas
1057 943 1067 993 ²

489 1405 668 1505 cannen
704 1443 759 1504 rx

381 1627 437 1670 tn
474 1626 868 1670 THALIARCHUU·

285 1788 389 1869 Vides,
406 1799 443 1852 ut
457 1789 523 1854 alta
538 1799 599 1853 stet
612 1788 689 1852 nive
703 1789 881 1854 candidum

282 1889 420 1970 Soracte,
437 1909 496 1951 nec
506 1889 576 1973 jam
593 1889 773 1952 sustineant
785 1908 869 1952 onus

324 1987 433 2051 Silvae
448 1986 637 2068 laborantes,
654 1986 794 2070 geluque

369 2086 523 2150 Flumina
536 2087 734 2150 constiterint
748 2097 852 2150 acuto.

282 2283 430 2347 Dissoive
446 2284 554 2367 Signa,
571 2284 660 2367 ligna
675 2306 771 2369 super
785 2286 855 2348 foco

281 2383 386 2466 Large
401 2402 565 2466 reponem,
581 2394 679 2465 atque
694 2385 865 2467 benignius

324 2482 482 2564 Depronre
497 2481 705 2563 quadrimum
720 2483 850 2564 Sabina,

364 2581 394 2644 Ο
410 2580 617 2661 Thaliarche,
634 2601 761 2644 merum
775 2582 870 2645 diota.

280 2778 430 2841 Permitte
446 2778 530 2841 divis
544 2792 666 2844 cetera:
689 2781 746 2862 qui
762 2780 860 2843 simul

279 2878 427 2967 Straverc
442 2888 555 2941 ventos
570 2899 707 2961 aequore
722 2878 844 2942 fervido

321 2977 570 3059 Deproeliantes‚
582 2998 642 3042 nec
657 2996 801 3061 cupressi

364 3075 431 3139 Nec
446 3086 568 3139 veteres
584 3077 748 3159 agitantur
762 3076 839 3139 orni.

279 3272 370 3342 Quid
385 3273 426 3336 sit
441 3272 593 3337 futurum.
601 3294 681 3354 cras,
694 3274 771 3357 fuge
785 3294 938 3355 quaerere
948 3298 956 3341 :
966 3288 997 3339 et

278 3372 390 3441 Quem
406 3373 486 3435 Fors
501 3372 627 3435 dierum
642 3392 772 3455 cunque
787 3372 885 3453 dabit,
902 3372 991 3435 lucro

319 3471 462 3552 Appone,
478 3490 538 3547 nec
553 3470 664 3536 dulces
681 3492 805 3535 amores
1099 3482 1133 3537 tf»

362 3571 483 3653 Sperne
498 3592 585 3654 puer,
601 3591 707 3653 neque
723 3573 914 3650 nichomas,

340 3770 372 3894 03.
381 3774 414 3821 ix.
428 3775 450 3823 7.
470 3774 578 3833 Depone.
786 3776 824 3819 14.
840 3784 897 3819 sors
