2742 4250
459 251 570 303 manu
594 251 618 300 1.
668 251 703 302 a
727 249 836 303 xvm.
1084 229 1153 307 271

183 409 333 474 lndotata
348 408 430 472 mihi
444 427 530 470 soror
544 417 600 486 est,
616 407 815 489 paupercula
828 416 939 487 mater,

182 507 226 572 Et
240 506 363 571 fundus
378 527 438 570 nec
453 505 623 570 vendibilis
638 526 698 569 nec
714 526 843 588 pascere
858 505 982 585 firmus,

182 609 252 678 Qui
266 607 352 686 dicit,
368 607 508 670 clamat:
532 607 661 668 Victum
676 605 771 668 date!
815 606 962 670 Succinit
975 606 1073 670 alter:

182 708 226 769 Et
240 705 322 768 mihi
337 704 470 768 dividuo
486 705 626 770 findetur
640 726 774 771 munere
790 705 922 785 quadra.

182 804 247 869 Sed
262 805 380 868 tacitns
395 805 484 886 pasci
499 805 528 867 si
542 814 649 886 posset
662 824 790 884 corvus,
806 805 935 866 haberet
1117 807 1159 868 50

182 903 262 967 Plus
278 901 380 985 dapis,
396 915 428 966 et
442 903 532 966 rixae
547 903 649 968 multo
664 903 775 969 minus
789 902 1003 983 invidiaeque.

182 1003 394 1068 Brundisium
407 1022 516 1066 comes
530 1013 589 1065 aut
603 1004 797 1071 Surrentum
810 1003 931 1064 duetus
945 1022 1130 1080 amoenum,

181 1105 252 1180 Qui
267 1103 412 1185 queritur
425 1102 568 1166 salebras
582 1115 614 1166 et
628 1105 782 1168 acerbum
795 1102 897 1185 frigus
912 1114 945 1166 et
959 1103 1084 1182 imbres,

183 1204 249 1266 Aut
264 1203 380 1266 cistam
394 1201 561 1266 effractam
575 1213 607 1266 et
621 1201 784 1267 subducta
798 1202 918 1266 viatica
931 1202 1043 1284 plorat,

182 1301 268 1365 Nota
283 1299 376 1364 refert
390 1300 564 1364 meretricis
579 1301 742 1380 acumina,
758 1319 854 1383 saepe
867 1301 1022 1364 catellam
1116 1302 1158 1364 55

181 1399 285 1481 Saepe
300 1398 521 1480 periscelidem
535 1409 661 1480 raptam
676 1399 737 1462 sibi
752 1398 868 1480 flentis,
884 1399 933 1464 uti
946 1419 1025 1464 mox

182 1497 283 1562 Nulla
297 1496 378 1560 fides
393 1497 522 1562 damnis
537 1499 685 1580 verisque
700 1497 863 1562 doloribus
878 1498 971 1564 adsit.

182 1595 251 1660 Nec
267 1597 367 1658 semel
381 1596 493 1660 irrisus
508 1597 609 1659 triviis
625 1597 768 1660 attollere
782 1608 875 1661 curat

183 1696 301 1758 Fracto
315 1715 407 1760 crure
420 1697 577 1778 planum3
600 1696 675 1760 licet
689 1697 737 1759 illi
750 1697 890 1779 plurima
904 1708 1015 1760 manet

182 1793 343 1873 Lacrima,
358 1813 414 1876 per
428 1803 580 1856 sanctum
589 1794 719 1878 juratus
733 1794 821 1857 dicat
836 1795 975 1858 Osirim:
1117 1795 1159 1858 bo

182 1891 319 1973 Credite,
335 1912 400 1955 non
415 1893 511 1973 ludo;
535 1893 691 1975 crudeles,
706 1893 807 1958 tollite
820 1893 985 1958 claudum

183 1992 315 2061 Quaere
329 1992 541 2076 peregrinum,
557 1993 678 2056 vicinia
693 2013 793 2056 rauca
807 1993 971 2058 reclamat.

590 2298 708 2309 ———.

471 2538 684 2600 EPISTOLA
711 2538 837 2599 XVIII.

504 2737 557 2779 an
588 2722 793 2780 n'cnnrnu.

223 2912 355 2976 sibene
370 2923 401 2975 te
416 2916 500 2993 novi,
516 2923 650 2992 metues,
666 2913 824 2976 liberrime
838 2914 931 2994 Lolli,

182 3012 365 3076 Seurrantis
380 3013 520 3096 speciem
534 3015 693 3095 praebere,
710 3011 871 3095 professus
886 3013 1038 3077 arnicnrn.

182 3112 226 3176 Ut
240 3122 388 3176 matrona
402 3114 559 3176 meretrici
574 3113 683 3195 dispar
698 3114 756 3176 erit
770 3123 870 3196 atque

182 3211 336 3292 Discolor,
353 3211 454 3274 infido
469 3232 595 3275 scurrae
611 3211 742 3276 distabit
756 3214 890 3276 amicus.

184 3309 242 3373 Est
257 3311 335 3373 huic
348 3309 513 3374 diversum
530 3312 606 3374 vitio
621 3312 738 3374 vitium
752 3332 848 3395 prope
863 3332 977 3397 majus,
1134 3319 1153 3379 5

182 3409 344 3493 Asperitas
359 3411 492 3493 agrestis
507 3421 539 3473 et
554 3411 749 3474 inconcinna
764 3412 944 3494 gravisque,

179 3508 278 3577 Quae
293 3528 327 3571 se
342 3512 550 3573 commendat
565 3520 658 3572 tonsa
671 3520 755 3587 cute,
770 3510 921 3574 dentibus
935 3510 1020 3590 atris,

183 3606 269 3670 Dum
284 3607 356 3669 vult
370 3608 499 3672 libertas
514 3608 578 3673 dici
592 3630 680 3673 mera
696 3630 836 3691 veraque
851 3611 961 3672 virtus.

183 3701 287 3768 l'irtus
301 3716 350 3768 est
365 3706 510 3771 medinm
525 3709 675 3773 vitiorum
691 3718 723 3772 et
737 3709 887 3790 utrinque
902 3708 1078 3771 reductum
