2742 4250
236 214 306 284 236
634 231 848 282 smmmmr

235 389 391 450 {nsecterc
406 386 495 450 velut
509 386 629 467 metior,
644 389 814 470 verbisque
828 387 951 452 decoris

234 485 399 551 Obvolvas
414 487 554 550 vitium?
597 488 698 568 Quid,
714 489 808 552 sime
824 487 949 552 stultior
964 487 1033 570 ipso

233 586 431 668 urringantis
445 597 552 668 empto
566 586 731 651 drachmis
745 586 971 670 deprenderis?
1014 586 1114 652 Aufer

232 686 286 748 Me
301 685 397 750 vultu
412 695 542 766 terrerc;
565 705 704 751 manum
717 687 986 768 stomachumque
1002 696 1115 768 teneto,

233 785 332 864 Dum,
347 804 433 866 quae
447 785 588 866 Crispini
601 785 712 849 docuit
728 805 780 848 me
790 786 916 869 janitor,
930 786 1001 849 edo.
1210 787 1246 850 tt

232 883 283 946 'l'e
298 885 418 967 conjux
431 883 539 950 aliena
551 883 647 965 capit,
661 884 863 948 meretricula
880 885 1029 948 Davum:

232 983 350 1045 Peceat
365 993 435 1046 uter
448 994 594 1047 nostrum
608 1003 703 1048 cruce
718 983 874 1068 digniust
917 985 1010 1048 Acris
1026 985 1082 1049 nbi
1097 1001 1149 1048 me

231 1081 357 1144 Natura
371 1082 517 1163 intendit,
532 1084 595 1147 snb
608 1083 697 1146 clara
711 1084 803 1148 nuda
817 1083 949 1148 lucerna

230 1181 457 1263 Quaecunque
471 1183 597 1265 excepit
611 1183 768 1265 turgentis
783 1184 914 1248 verbera
928 1182 1066 1264 caudae,

231 1281 392 1345 Ciunibus
406 1292 463 1345 aut
477 1283 613 1364 agitavit
626 1300 749 1365 equum
764 1283 888 1348 lasciva
903 1283 1066 1366 supinum,
1206 1285 1245 1348 dt]

231 1380 372 1444 Dimittit
385 1401 491 1463 neque
506 1380 668 1446 famosum
681 1403 791 1464 neque
804 1382 987 1463 sollicitum,
1003 1401 1044 1446 ne

231 1481 335 1544 Ditior
348 1490 406 1544 aut
420 1479 541 1544 formae
556 1481 695 1545 melioris
710 1482 810 1546 meiat
823 1482 945 1546 eudem.

230 1578 296 1659 Tu,
310 1599 387 1642 cum
402 1580 548 1663 projectis
562 1580 755 1663 insignibus,
769 1582 870 1646 anulo
883 1582 1021 1663 equestri

230 1679 441 1761 Romanoque
455 1679 578 1760 habitu,
593 1681 701 1762 prodis
715 1701 758 1744 ex
767 1681 877 1765 J‘udiee
893 1683 1002 1745 Dama

229 1778 359 1863 Turpis,
374 1778 544 1843 odoratum
557 1789 656 1862 eaput
669 1781 861 1844 obscurante
876 1781 1013 1860 lacerna,
1205 1783 1245 1845 55

231 1878 360 1958 Neues,
375 1878 464 1961 quod
478 1879 637 1946 simulas?
681 1881 832 1944 Metuens
848 1880 1018 1961 induceris,
1033 1890 1131 1962 atquc

232 1977 412 2043 dltercaute
428 1980 615 2046 libidinibus
630 1981 739 2047 tremis
753 2001 827 2043 ossa
841 1999 967 2064 pavere.

228 2078 321 2149 Quid
335 2079 435 2160 refert,
452 2080 509 2161 uri,
525 2079 624 2163 virgis
638 2079 783 2163 ferreque
798 2080 905 2146 necari

228 2178 423 2241 Auctoratus
437 2200 501 2256 eas,
516 2199 560 2242 an
575 2180 659 2261 turpi
674 2180 807 2247 clausus
821 2180 856 2243 in
871 2200 954 2259 arca,

228 2279 306 2347 Quo
321 2288 351 2340 te
366 2278 494 2343 demisit
507 2279 630 2360 peceati
644 2280 775 2343 conscia
788 2268 906 2359 herilis,
1202 2280 1243 2343 60
1357 2328 1358 2339 ,

228 2378 438 2441 Contractum
451 2378 588 2459 genibus
603 2388 720 2461 tang-as
734 2378 856 2461 eaput?
900 2378 1003 2443 Estne
1018 2386 1131 2441 manto

227 2476 394 2540 Matronae
408 2477 570 2558 peccantis
585 2477 620 2540 in
634 2479 730 2541 ambo
740 2479 829 2562 justa
843 2477 1008 2560 potestas?

226 2576 266 2639 ln
280 2585 494 2658 corruptorem
508 2577 561 2640 vel
569 2578 695 2661 justior.
739 2577 801 2643 Illa
816 2588 924 2641 tamen
939 2598 974 2640 se

226 2674 301 2737 Non
315 2675 430 2741 habitu
444 2686 590 2739 mutatve
605 2676 675 2739 ioco
689 2688 842 2759 peccatve
857 2696 1002 2760 superne,

226 2776 313 2837 Cum
327 2785 358 2837 te
373 2773 521 2840 formidet
534 2775 651 2859 mulier
664 2794 770 2857 neque
784 2775 893 2839 credat
907 2776 1050 2857 amanti3
1201 2778 1240 2840 65

226 2874 291 2938 Ibis
306 2874 368 2937 sub
382 2873 508 2939 furcam
521 2875 671 2957 prudens,
687 2874 882 2957 dominoque
896 2874 1014 2939 furenti

226 2974 415 3037 Committes
429 2995 498 3037 rem
510 2994 642 3039 omnem
655 2984 688 3037 et
702 2974 804 3037 vitam
818 2984 850 3037 et
863 2994 941 3038 cnm
954 2994 1082 3056 corpore
1097 2973 1231 3038 samam.

225 3071 359 3137 Evasri:
380 3073 484 3153 crede,
499 3084 623 3137 metues
638 3073 816 3155 doctusque
830 3073 977 3154 cavebis;

226 3175 381 3251 Quaeres,
396 3173 529 3255 quando
542 3173 658 3235 iterum
672 3191 793 3255 paveas
808 3172 987 3255 iterumque
1001 3171 1102 3255 perire

226 3272 334 3335 Possis
356 3270 386 3334 Ο
402 3272 493 3338 toties
507 3271 640 3335 servus!
684 3272 783 3343 Quae
798 3272 907 3335 bellua
921 3272 1022 3354 ruptis
1202 3276 1242 3337 7⁰

227 3372 312 3433 Cum
328 3369 427 3432 semel
442 3368 567 3451 effugit,
583 3370 692 3434 reddit·
702 3390 736 3433 se
750 3390 851 3454 prava
865 3371 1011 3435 catenis?

228 3470 300 3532 Nou
315 3489 389 3532 sum
403 3470 567 3549 moechus,
582 3470 647 3551 ais3
668 3490 773 3553 neque
787 3490 855 3554 ego,
867 3469 1005 3550 hercule,
1018 3467 1077 3551 sur,
1091 3466 1144 3533 ub?
1164 3488 1240 3531 venen

648 3702 689 3752 48.
707 3698 821 3751 incendit.
