2742 4250
656 282 854 336 osunlnuu

454 445 565 514 Quem
580 442 661 524 legis
675 451 822 523 expertes
837 439 975 504 Latinae

499 540 655 604 Vindelici
669 540 809 604 didicere
823 559 934 621 nuper,

414 738 507 811 Quid
522 739 625 802 Marte
640 758 769 820 posses;
794 738 894 801 milite
909 758 988 802 nam
1003 748 1059 802 tuo

414 841 543 903 Drusus
558 839 743 917 Genaunes,
760 837 972 922 implacidum
986 859 1097 920 genus,

455 939 666 1019 Breunosque
680 937 809 1000 veloces
821 947 853 1000 et
868 959 959 1000 arces

503 1036 638 1121 Alpibus
652 1037 820 1120 impositas
834 1037 1007 1101 tremendis

416 1235 539 1319 Dejeoit
553 1255 627 1297 acer
640 1235 715 1319 plus
730 1235 801 1299 vioe
816 1235 977 1318 simplici:
1038 1265 1041 1272 ¹

415 1334 520 1418 Major
534 1333 700 1399 Neronum
715 1351 793 1398 mox
808 1355 905 1418 graue
919 1335 1076 1419 proelium

457 1434 627 1497 Commisit
640 1434 866 1517 immanesque
880 1435 1000 1498 Raetos

498 1533 661 1616 Auspiciis
675 1534 798 1617 pepulit
813 1535 972 1616 secundis,

414 1732 618 1814 Spectandus
632 1732 666 1796 in
681 1733 856 1802 certamine
871 1734 997 1810 Martio,

414 1833 542 1896 Devota
556 1832 649 1895 morti
665 1833 923 1915 pectora'liberae
943 1867 947 1878 .,
993 1855 994 1858 ¹
1094 1842 1096 1846 ’

456 1931 600 2002 Quantis
615 1931 763 2013 fatigaret
775 1932 899 1998 ruinis:
946 1955 948 1960 ’

501 2030 677 2093 lndomitas
692 2051 788 2114 prope
803 2031 909 2114 quelis
925 2032 1030 2095 undas

414 2230 554 2294 Exercet
568 2233 694 2310 Auster,
710 2230 881 2294 Pleiadum
896 2232 993 2294 choro

413 2328 587 2392 Scindente
602 2331 714 2410 nubes,
731 2331 865 2413 impiger
879 2331 1020 2393 hostium

455 2427 580 2491 Vexare
596 2439 728 2509 turmae,
744 2440 776 2491 et
791 2429 979 2493 frementem

497 2528 624 2590 Mittere
638 2548 760 2611 equum
776 2528 899 2591 medios
914 2550 969 2613 per
983 2531 1083 2613 ignes.

412 2740 468 2807 Sic
482 2742 676 2804 tauriformis
691 2741 831 2805 volvitur
845 2742 995 2824 Aufidus,

413 2839 484 2911 Qui
499 2860 598 2922 regna
613 2841 725 2904 Dauni
739 2840 889 2925 praefluit
903 2843 1012 2926 Apuli,
1046 2890 1047 2893 ,

455 2939 542 3002 Ourn
557 2941 668 3021 saevit,
684 2938 942 3025 horrendamque
956 2942 1061 3006 cultis¹

498 3039 664 3102 Diluviem
678 3040 852 3103 meditatur
867 3042 960 3125 agriS,

414 3247 462 3313 Ut
474 3251 678 3315 barbarorum
695 3252 854 3317 Claudius
869 3256 1001 3337 agmina

415 3350 549 3413 Ferrato
563 3360 655 3416 vasto
670 3351 768 3415 diruit
783 3353 915 3441 impetu,

454 3448 689 3533 Primosqueet
703 3461 862 3516 extremos
876 3451 1026 3515 metendo

494 3548 615 3612 Stravit
629 3549 778 3631 humum,
795 3550 863 3614 sine
879 3550 972 3614 clade
988 3551 1097 3633 victor,

677 3750 719 3799 26.
736 3748 838 3810 perfluit.
