2742 4250
591 229 791 279 onmssnun

350 388 478 462 Civitas
493 387 607 468 omnis,
622 385 838 468 dabimusque
853 385 938 449 divis

440 489 558 552 Thura
575 486 730 569 benignis.

355 689 407 751 Te
422 687 535 749 decem
551 687 633 749 tauri
650 685 847 768 totidemque
861 704 991 763 vaceae,

359 789 410 850 Me
426 797 514 849 tener
529 787 631 849 solvet
646 786 778 865 vitulus,
794 785 905 848 relicte

358 888 458 950 Matre
473 886 531 968 qui
546 886 644 968 largis
654 886 837 969 juvenescit
851 885 959 947 herbis

441 987 481 1048 in
496 1006 569 1048 mea
584 996 667 1065 vota,

361 1172 476 1234 Fronte
491 1179 640 1232 ouivatos
656 1169 801 1231 imitatus
817 1169 908 1250 ignes

359 1269 510 1332 Tertium
524 1268 640 1331 Lunae
655 1267 820 1332 referentis
834 1276 948 1341 ortum,

358 1371 438 1439 Qua
452 1377 564 1430 notam
578 1367 674 1430 duxit
688 1367 805 1432 niveus
821 1365 930 1445 videri,

442 1467 556 1529 Cetera
571 1464 692 1530 fulvus.

566 2041 747 2103 GARMEN
775 2041 837 2102 III.

485 2241 538 2283 AD
572 2242 914 2285 MELPOMENEN.

323 2420 433 2489 Quem
448 2429 493 2499 tu,
510 2418 720 2502 Melpomene,
736 2418 836 2483 semel

364 2517 560 2581 Nascentem
574 2517 702 2601 placido
716 2519 839 2582 lumine
854 2519 980 2586 videris

322 2616 420 2679 illum
435 2636 500 2681 non
515 2617 604 2681 labor
619 2618 776 2681 Isthmius

363 2716 506 2779 Glarabit
520 2717 674 2801 pugilem,
690 2736 756 2781 non
771 2738 875 2799 equus
890 2718 1026 2800 impiger

324 2816 429 2878 Curru
443 2815 540 2880 ducet
554 2817 698 2880 Achaico
943 2808 948 2820 ”
1077 2823 1084 2837 ’
1192 2816 1212 2875 5

365 2916 532 2995 Victorem,
547 2934 653 2999 neque
666 2936 717 2979 res
732 2915 847 2977 bellica
863 2916 965 2979 Deliis

323 3013 484 3077 Ometum
497 3013 581 3078 foliis
596 3015 722 3094 ducem,

365 3113 467 3183 Quod
481 3133 594 3196 regum
609 3113 750 3177 tumidas
764 3113 944 3178 contuderit
958 3114 1072 3192 minas,

323 3212 482 3276 Ostendet
496 3213 653 3295 Capitolio
666 3234 674 3277 :

366 3310 431 3375 Sed
445 3332 530 3393 quae
545 3312 651 3375 Tibur
665 3333 770 3395 aquae
785 3314 885 3377 fertile
901 3313 1092 3397 praefluunt,
1177 3313 1213 3373 10

325 3410 369 3474 Et
384 3411 506 3493 spissae
521 3430 690 3476 nemorum
703 3432 824 3493 comae,

368 3511 511 3593 Fingent
524 3511 636 3575 Aeolio
650 3513 792 3576 carmine
807 3512 956 3576 nobilem.

430 3710 459 3763 C.
471 3712 504 3761 iii.
518 3713 541 3761 5.
561 3712 663 3761 Achaio.
804 3714 841 3762 10.
858 3712 984 3776 perdumn.
