2742 4250
445 272 556 322 amun
578 272 632 322 Π.
682 274 712 323 0.
738 274 787 324 ΙΧ.

338 430 413 495 Non
427 440 503 493 ante
517 429 668 511 vulgatas
683 448 739 513 per
752 441 837 493 artes

381 530 486 593 Verba
500 528 613 611 loquor
627 529 781 592 socianda
795 529 931 592 chordis.

293 728 376 808 Non,
392 728 420 790 si
433 720 551 809 priores
567 726 738 791 Maeonius
752 736 839 791 tenet

293 826 394 891 Sedes
404 826 578 905 Homerus,
594 825 785 892 Pindaricae
798 826 900 889 latent

335 926 486 1007 Ceaeque
499 934 532 988 et
546 924 658 989 Alcaei
671 924 817 989 minaces

376 1024 614 1105 Stesichorique
628 1042 743 1106 graves
757 1025 940 1105 Camenae;
963 1111 966 1116 Ι

293 1222 371 1302 Nec,
387 1222 415 1285 si
429 1220 509 1303 quid
523 1220 601 1285 olim
617 1221 695 1285 lusit
708 1223 887 1299 Anacreon,

295 1321 424 1385 Delevit
437 1331 545 1385 aetas:
568 1320 666 1403 spirat
681 1319 791 1383 adhue
805 1340 901 1401 amor,

336 1420 523 1501 vivuntque
537 1420 702 1483 commissi
715 1419 838 1483 calores

378 1520 509 1582 Aeoliae
525 1518 645 1582 fidibus
660 1519 796 1601 puellae.

295 1702 369 1767 Non
384 1702 452 1765 sola
466 1712 610 1784 comptos
625 1702 703 1764 arsit
716 1701 855 1765 adulteri

297 1801 456 1881 Orines,et
470 1820 590 1867 aurum
604 1801 749 1866 vestibus
763 1800 882 1863 illitum

338 1901 456 1963 Mirata
470 1898 657 1982 regalesque
674 1898 784 1962 cultus

379 1998 426 2064 Et
436 2000 569 2062 comites
584 1999 708 2063 Helene
723 1998 883 2078 Lacaena,

295 2184 464 2246 Primusve
479 2182 607 2246 Teucer
622 2182 687 2246 tela
701 2182 849 2266 Cydonio

296 2283 422 2345 Direxit
437 2301 533 2364 arcu3
556 2301 622 2345 non
637 2282 737 2345 semel
752 2282 828 2345 Ilios

338 2380 482 2462 Vexata;
505 2399 571 2442 non
586 2381 745 2462 pugnavit
759 2381 873 2464 ingens

379 2479 574 2543 Idomeneus
589 2478 805 2544 Sthenelusve
820 2479 908 2542 solus

296 2661 442 2724 Dicenda
457 2662 563 2724 Musis
577 2662 716 2745 proelia:
739 2682 805 2725 non
820 2661 909 2725 ferox

296 2760 413 2824 Hector
428 2760 479 2823 vel
495 2781 568 2823 acer
583 2761 774 2844 Deiphobus
789 2779 903 2842 graves

337 2859 478 2942 Excepit
492 2859 575 2922 ictus
590 2879 646 2942 pro
661 2859 788 2942 pudicis

380 2959 580 3043 Oonjugibus
595 2957 767 3042 puerisque
781 2958 913 3040 primus

299 3141 413 3204 Visere
428 3141 522 3204 fortes
538 3150 613 3204 ante
628 3143 877 3223 Agamemnona

298 3239 412 3322 Multi,
436 3241 493 3303 sed
507 3261 619 3304 omnes
634 3239 872 3304 illacrimabiles

339 3339 502 3424 Urgentur
515 3340 678 3423 ignotique
693 3341 791 3422 longa

380 3440 491 3520 Nocte,
507 3450 616 3503 carent
631 3439 708 3522 quia
722 3449 796 3502 vate
810 3459 908 3502 sacro.

298 3624 452 3688 Paullum
468 3624 612 3705 sepultae
627 3622 725 3685 distat
739 3621 870 3684 inertiae

301 3724 414 3788 Celata
429 3725 538 3787 virtus.
583 3723 656 3785 Non
672 3741 731 3804 ego
746 3732 776 3784 te
791 3721 871 3784 meis

1042 257 1118 329 »120
