2742 4250
455 296 574 345 LIBER.
625 296 656 347 O.
681 296 772 347 xvn.

228 452 409 535 Fraterque
423 455 536 538 magni
551 454 702 534 Castoris,
718 454 795 517 vieti
811 472 913 536 prece,

226 550 393 635 Adempta
407 555 475 617 vati
490 553 654 617 reddidere
668 554 815 618 lumina:

229 651 273 713 Et
289 662 336 732 tu,
352 664 442 735 potes
456 674 543 733 nam,
560 654 650 716 solve
664 674 718 716 me
733 654 904 735 dementia,

229 750 259 812 0
274 770 337 815 uec
351 754 493 834 paternis
508 753 650 815 obsoleta
665 754 822 833 sordibus,

227 850 301 915 Nec
315 854 349 915 in
365 852 520 934 sepulcris
533 872 713 935 paupemm
728 854 868 935 prudens
883 874 968 917 auus

228 950 451 1015 Nouendiales
464 952 620 1035 dissipare
634 952 784 1034 pulveres
797 954 804 1015 !

231 1050 312 1114 'Pibi
327 1051 485 1134 hospitale
499 1064 613 1134 pectus
627 1064 658 1114 et
673 1072 772 1134 purae
788 1072 915 1133 manus,

230 1149 399 1232 Tuusque
410 1161 522 1213 venter
536 1152 753 1231 Pactumeius,
770 1162 801 1214 et
816 1163 872 1215 tuo

231 1249 353 1313 Cmore
368 1251 480 1313 nrbros
494 1251 647 1313 obstetrix
662 1270 788 1334 pannos
803 1252 891 1333 lavit,

232 1348 409 1432 Utcunque
426 1349 512 1413 fortis
526 1351 637 1413 exsilis
652 1370 816 1435 puerpera.

465 1656 603 1695 caninus
623 1656 787 1697 RESPONSIO.

237 1799 326 1867 llurd
341 1799 494 1861 obseratis
509 1800 642 1863 auribus
657 1800 768 1864 fundis
783 1799 914 1884 precesl

236 1897 306 1961 Non
321 1919 405 1961 saxa
419 1898 517 1961 nudis
532 1899 677 1962 surdiora
691 1901 812 1963 navitis

235 1996 405 2081 Neptunus
421 1998 487 2060 alto
502 1998 609 2061 tundit
624 2000 777 2073 hibernus
793 1999 870 2061 salo.

232 2097 361 2162 inultus
376 2108 413 2162 ut
429 2104 466 2161 tu
479 2099 583 2162 riseris
599 2100 743 2183 Cotyttiu

233 2198 381 2280 Vulgata,
398 2219 526 2262 sacrum
542 2199 631 2262 liberi
646 2200 816 2284 cupidinis,

231 2298 284 2377 Et,
299 2298 464 2379 Esquilini
479 2297 625 2380 pontifex
639 2299 786 2378 vencilat,

231 2397 370 2479 Impune
381 2409 418 2460 ut
432 2398 553 2462 Urbem
570 2400 700 2462 nomine
716 2398 855 2481 impleris
872 2401 965 2464 meol

184 2525 186 2529 ·
232 2496 325 2566 Quid
339 2497 485 2578 proderat
499 2496 619 2562 ditasse
634 2499 786 2581 Pelignus
801 2519 894 2580 anus,

211 2623 214 2626 ·
232 2595 423 2659 velociusve
438 2596 609 2668 miscuisse
623 2599 792 2662 toxicum?

231 2695 296 2758 Sed
312 2695 450 2758 tardiora
465 2694 531 2759 fata
546 2706 577 2760 te
593 2698 676 2759 votis
691 2708 844 2780 manent;

231 2797 363 2878 Ingrata
378 2797 494 2858 misero
509 2796 576 2860 vita
590 2797 742 2860 ducenda
757 2808 806 2860 est
820 2799 855 2860 in
870 2799 940 2878 hoe,

230 2895 332 2957 Novis
348 2907 383 2958 ut
398 2915 502 2978 usque
517 2908 668 2978 suppetas
684 2897 855 2960 laboribus.

230 2993 330 3076 Optat
343 2995 485 3076 quietem
500 2995 627 3077 Pelopis
642 2995 735 3060 infidi
750 3008 846 3078 pater,

230 3094 341 3176 Egens
356 3094 516 3176 benignae
530 3095 695 3158 Tantalus
711 3116 835 3178 semper
849 3095 960 3179 dapis3

231 3193 330 3276 Optat
344 3195 555 3257 Prometheus
570 3194 731 3278 obligatus
747 3197 824 3276 aliti,

229 3293 328 3375 Optat
343 3313 492 3376 supremo
506 3293 661 3357 collocare
677 3296 839 3378 Sisyphus

228 3393 268 3454 ln
283 3404 392 3456 moute
407 3414 545 3461 saxum:
568 3394 625 3456 sed
639 3406 751 3458 vetant
766 3396 853 3478 leges
868 3395 966 3460 Jovis.

227 3490 322 3554 Voles
337 3491 433 3554 modo
448 3493 521 3554 altis
537 3492 662 3557 desilire
679 3496 827 3575 turribus,
1087 3497 1127 3560 76

171 3705 199 3754 a
226 3709 380 3768 partumeius.
432 3708 471 3755 56.
489 3719 513 3756 et
526 3720 558 3757 tu.
611 3710 650 3758 60.
668 3711 780 3770 proderit.
832 3710 871 3759 62.
890 3710 1071 3761 Si-meneutl

337 3789 376 3836 et.
394 3790 519 3838 doloribus.
571 3793 602 3841 65
628 3792 721 3842 infidus
773 3793 811 3841 67.
831 3794 895 3843 alite.
