2742 4250
614 273 813 326 omme!

577 558 757 624 bennun
786 559 862 623 vlt

538 757 595 799 AD
626 752 908 803 contulum.

371 937 401 1001 Ο
417 955 513 1020 saepe
526 952 657 1001 mecum
671 949 798 1022 tempus
812 939 846 1002 in
861 939 1013 1004 ultimum

370 1036 526 1118 Deducta,
541 1039 640 1102 Bruto
655 1038 789 1104 militiae
800 1037 894 1120 (lnce,

413 1139 501 1208 Quis
515 1149 546 1202 te
559 1138 727 1203 redonavit
740 1139 904 1209 Quiritem

454 1238 515 1302 Dts
529 1239 638 1321 patriis
654 1238 799 1321 Italoque
813 1239 911 1318 coelo,

365 1439 503 1526 ‘Pompei
516 1456 661 1502 meorum
674 1439 776 1522 ptime
791 1437 975 1501 mdafiumt
1207 1439 1227 1499 ὅ

372 1540 458 1604 Cum
473 1558 539 1622 quo
552 1549 732 1604 morantem
745 1554 841 1622 saepe
855 1537 943 1600 diem
955 1555 1044 1602 mort

412 1638 517 1722 Fregi,
532 1647 703 1702 coronatus
716 1638 855 1701 nitentes

454 1738 656 1802 Malobethro
670 1737 765 1820 Syrio
779 1737 920 1820 capillos.

367 1929 497 2002 Tecum
512 1937 677 2021 Philippos
690 1947 723 2000 et
736 1936 872 2000 celerem
886 1935 999 2019 lugam

369 2037 472 2118 Sensi,
486 2037 597 2101 relicta
610 2057 676 2101 non
691 2037 773 2100 bene
786 2037 943 2120 parmula,

412 2138 499 2201 Cum
514 2136 616 2202 fracta
629 2138 741 2218 virtus,
756 2147 788 2201 et
801 2137 945 2201 minaces

452 2236 565 2319 'l'urpe
579 2236 686 2301 solum
699 2237 830 2320 tetigere
847 2247 964 2300 mento.

371 2433 436 2499 Sed
451 2454 503 2498 rue
517 2452 573 2519 per
586 2436 694 2499 hostes
709 2428 888 2500 Mercurius
902 2435 987 2500 celer

253 2576 256 2583 -
370 2534 481 2599 Denso
495 2544 667 2619 paventem
681 2534 814 2598 sustulit
827 2547 917 2601 aare:

410 2634 463 2697 Te
477 2652 587 2697 rursus
601 2635 636 2697 in
650 2634 772 2698 bellum
786 2635 950 2697 resorbens

452 2732 551 2797 Unda
565 2732 652 2797 fretis
667 2733 741 2796 tulit
755 2734 921 2797 aestuosis.

369 2933 456 3017 Ergo
470 2933 646 3017 obligatam
659 2923 757 2997 redde
772 2933 846 2999 Jori
860 2932 994 3029 dapenn·

368 3032 546 3116 Longaque
560 3032 682 3098 fessum
698 3034 813 3098 militia
827 3033 913 3097 latus

410 3132 544 3215 Depone
559 3132 620 3196 sub
633 3133 729 3197 lauru
742 3151 825 3213 mea,
840 3152 901 3196 nec

450 3230 552 3297 Parce
565 3230 655 3295 cadis
671 3231 727 3295 tibi
741 3232 917 3297 destinatis.
1180 3233 1221 3297 20

366 3431 533 3496 oblivioso
548 3430 632 3494 levia
648 3431 788 3495 Massico

369 3531 497 3597 Cibaria
511 3530 614 3614 exple,
629 3528 731 3595 funde
744 3531 918 3615 capacibus

347 3682 349 3687 .
409 3632 585 3715 Unguenta
599 3629 639 3695 de
653 3630 794 3695 conchis.
839 3632 926 3702 Quis
940 3630 1007 3694 udo

454 3732 665 3814 Depmperare
680 3730 754 3815 apio
767 3750 899 3793 coronas
