2742 4250
223 249 291 318 282
603 253 858 317 arremarensi

220 423 370 488 Iuvenior
384 423 512 486 Parthis
527 423 720 505 mendacior,
735 435 768 486 et
782 425 871 507 prius
884 434 953 487 orto

218 522 292 586 Sole
307 523 385 605 vigil
399 522 566 586 calamum
580 535 612 586 et
626 524 755 586 chartas
769 536 802 587 et
816 525 935 587 scrinia
948 544 1054 607 posco.

218 622 340 686 Navim
355 642 449 704 agere
463 623 595 710 ignarus
610 623 705 686 navis
720 625 828 706 timet3
851 625 1043 687 abrotonum
1058 644 1155 707 aegro

219 721 294 784 Non
303 721 410 802 audet,
420 721 483 785 nisi
495 721 552 803 qui
561 721 681 800 didicit,
691 722 783 786 dare:
798 723 888 804 quod
896 723 1095 787 medicorum
1103 733 1161 805 est,
1180 726 1242 789 115
1355 748 1359 808 ,

220 822 413 885 Promittunt
427 820 563 903 medici3
588 831 726 884 tractant
740 820 867 886 fabrilia
882 821 985 886 fabri:

219 921 396 984 Scribimus
411 919 530 983 indocti
545 919 697 1002 doctique
710 932 861 1003 poemata
875 923 1005 1004 passim

221 1021 281 1081 llic
297 1040 381 1082 error
395 1030 504 1081 tamen
519 1030 551 1081 et
566 1018 646 1082 levis
662 1020 742 1083 haec
756 1021 884 1082 insania
896 1031 1038 1102 quantas

224 1119 360 1180 Virtutes
374 1119 501 1198 habeat,
517 1119 563 1181 sic
578 1119 712 1201 collige:
735 1123 820 1181 vatis
835 1138 955 1182 avarus

220 1219 293 1281 Non
309 1229 426 1281 temere
441 1229 489 1283 est
504 1220 653 1300 animus3
676 1239 790 1282 versus
805 1230 903 1298 amat,
918 1220 980 1281 hoc
995 1218 1103 1282 studet
1118 1239 1240 1282 unum:
1324 1256 1328 1263 ·
1355 1228 1360 1254 ¹

220 1317 428 1397 Detrimenta,
444 1316 540 1400 fugas
556 1337 730 1396 servorum,
747 1318 897 1381 incendia
912 1318 1001 1397 ridet,

220 1418 293 1481 Non
309 1417 457 1480 fraudem
472 1419 558 1480 socio
572 1437 711 1499 puerove
726 1418 879 1500 incogitat
893 1418 996 1480 ullam

221 1516 367 1598 Pupillo;
390 1516 471 1580 vivit
487 1517 611 1598 siliquis
626 1528 658 1580 et
672 1537 756 1600 pane
771 1517 931 1598 secuud03

222 1615 356 1679 Militiae
372 1635 563 1699 quanquam
579 1618 668 1699 piger
682 1628 714 1680 et
728 1617 845 1697 malus,
859 1618 949 1681 utilis
964 1618 1044 1696 urbi,

221 1715 256 1777 Si
272 1714 331 1777 das
348 1716 417 1796 hoc,
432 1716 540 1798 parvis
555 1735 685 1798 quoque
701 1717 796 1780 rebus
811 1737 932 1798 magna
942 1717 1077 1807 juvari,
1180 1717 1241 1779 125

222 1815 268 1876 Os
284 1825 430 1879 tenerum
444 1817 535 1899 pueri
550 1816 749 1898 balbumque
764 1827 858 1898 poeta
873 1817 1000 1898 figurat,

222 1917 368 1998 Torquet
382 1916 425 1978 ab
439 1916 605 1979 obscoenis
614 1917 684 1999 jam
699 1935 788 1978 nunc
804 1916 1004 1978 sermonibus
1019 1935 1140 1991 aurem,

223 2017 301 2079 Mox
316 2018 414 2080 etiam
429 2027 541 2099 pectus
556 2017 733 2098 praeceptis
748 2015 865 2079 format
878 2015 1001 2095 amicis,

223 2117 410 2199 Asperitatis
425 2126 456 2179 et
471 2115 613 2179 invidiae
628 2126 782 2179 corrector
796 2126 828 2178 et
842 2115 926 2198 irae;

222 2218 320 2280 Recte
335 2215 421 2278 facta
436 2213 537 2294 refert,
553 2216 688 2279 orientia
703 2227 846 2298 tempora
860 2217 946 2278 notis
1182 2216 1242 2281 13⁰

222 2317 356 2379 Instruit
370 2315 536 2397 exemplis,
553 2316 681 2397 inopem
696 2315 818 2378 solatur
831 2325 864 2377 et
879 2336 1022 2397 aegnrm.

223 2416 329 2478 Castis
344 2434 421 2478 curn
435 2415 541 2498 pueris
556 2416 669 2498 ignem
683 2416 794 2498 puella
807 2415 914 2478 mariti

223 2516 369 2579 Disceret
385 2513 471 2578 unde
487 2534 603 2597 preces,
620 2526 731 2578 vatem
745 2516 780 2579 ni
795 2516 893 2578 Musa
907 2514 1075 2579 dedisset?

224 2615 331 2678 Poscit
346 2635 439 2698 opem
454 2616 571 2678 chorus
586 2626 617 2677 et
632 2616 813 2697 praesentia
827 2617 966 2678 numina
980 2616 1083 2695 sentit,

224 2715 384 2777 Coelestes
399 2714 546 2796 implorat
561 2733 669 2798 aquas·
680 2713 775 2777 docta
790 2734 882 2797 prece
896 2714 1047 2794 blandus,
1183 2717 1243 2780 135

224 2816 348 2877 Avertit
363 2815 497 2893 morbos
514 2814 689 2877 metuenda
704 2814 847 2897 pericula
860 2814 959 2897 pellit,

225 2917 375 2997 lmpetrat
390 2924 421 2975 et
436 2933 547 2995 pacem
563 2924 595 2975 et
610 2914 803 2995 locupletem
819 2912 965 2995 frugibus
980 2932 1116 2976 annum.

224 3015 374 3077 Carmine
389 3013 423 3075 dt
439 3014 544 3095 superi
560 3013 738 3095 placantur,
753 3014 896 3077 carmine
910 3033 1051 3094 manesy

224 3113 391 3196 Agricolae
407 3113 509 3195 prisci,
525 3111 619 3175 fortes
635 3132 798 3195 parvoque
813 3113 906 3193 beati,

224 3213 363 3277 Condita
378 3222 450 3294 post
464 3210 625 3275 frumenta
640 3212 786 3275 levantes
802 3222 942 3295 tempore
957 3211 1038 3274 sesto
1184 3210 1244 3276 140

224 3314 348 3395 Corpus
363 3322 395 3374 et
410 3311 518 3394 ipsum
533 3311 681 3374 animuin
696 3332 752 3395 spe
767 3311 843 3374 finis
857 3310 939 3374 dura
954 3309 1116 3385 ferentem,
1224 3310 1228 3316 “

225 3416 311 3477 Cum
326 3410 420 3474 sociis
434 3430 577 3493 operum,
593 3411 701 3493 pueris
715 3422 746 3474 et
761 3412 897 3495 conjuge
912 3410 988 3490 fida,

225 3510 392 3575 Tellurem
407 3528 510 3593 porco,
525 3510 699 3575 Silvanum
714 3511 798 3573 lacte
813 3511 954 3592 piabant,

225 3609 374 3675 Floribus
388 3620 420 3673 et
434 3610 511 3673 vino
526 3609 676 3691 Genium,
693 3629 869 3675 memorem
882 3609 989 3672 brevis
1003 3609 1086 3672 aevi.

227 3707 429 3772 Fescennina
444 3728 499 3789 per
513 3710 601 3773 hunc
617 3710 749 3777 inventa
765 3709 895 3772 licentia
909 3728 1040 3784 morem,
1186 3710 1245 3775 145
1362 3734 1363 3745 ’
