2742 4250
642 267 843 339 <tomuli

598 578 777 640 ualtuuu
804 578 893 640 xxi

551 792 609 834 AD
646 790 941 835 Anemonem.

386 983 416 1047 O
431 993 509 1046 nuta
523 1000 653 1045 mecum
665 982 800 1045 consule
813 982 946 1062 Manlio,

386 1082 452 1145 Seu
466 1090 502 1145 tu
517 1080 663 1163 querelas
678 1081 747 1143 siva
762 1081 845 1164 geris
853 1081 944 1165 jocos

427 1181 494 1244 Seu
509 1179 616 1243 mam
630 1189 662 1242 et
677 1178 809 1242 insanos
822 1173 948 1245 amores

468 1278 535 1341 Seu
549 1276 688 1357 facilem,
703 1277 757 1361 pia
771 1288 861 1359 testa,
877 1285 1048 1361 somnum}

384 1479 592 1559 Quocunque
607 1476 729 1540 lectum
742 1477 875 1541 nomine
889 1477 1070 1542 Massicum
1227 1480 1247 1543 5

384 1577 511 1656 Servos,
525 1574 646 1639 moveri
661 1574 762 1658 digna
776 1576 860 1640 bono
873 1576 935 1657 die,

425 1672 600 1753 Descende,
616 1674 757 1738 Corvino
766 1675 909 1757 jubente,

464 1774 612 1837 Promere
629 1772 832 1855 languidiora
845 1774 931 1836 vina

379 1954 454 2035 Non
468 1970 531 2051 ille,
545 1990 735 2053 quanquam
749 1972 918 2037 Socraticis
934 1970 1045 2035 madet

380 2068 597 2150 Semonibus,
612 2078 644 2133 te
658 2069 800 2154 negliget
813 2069 978 2136 horridus:

421 2169 578 2233 Narratur
591 2177 624 2232 et
637 2169 734 2252 prisci
747 2170 880 2234 Catonis

464 2267 567 2348 Saepe
582 2286 669 2330 mero
682 2267 821 2330 caluisse
837 2267 947 2331 virtus.

377 2463 436 2528 'l'u
450 2463 521 2528 leno
535 2475 730 2528 tormentum
744 2465 874 2550 ingenio
889 2465 1043 2529 admoves

377 2563 572 2647 Plerumque
585 2562 685 2629 duro:
708 2574 746 2628 tu
760 2564 955 2648 sapientium

419 2661 523 2726 Ouras
537 2672 569 2726 et
583 2683 740 2727 moenum
749 2663 859 2748 jocoso

460 2761 641 2826 Consilium
655 2762 771 2846 retegis
784 2762 914 2846 Lyae03

376 2961 434 3024 Tu
448 2979 540 3044 spem
554 2959 680 3024 reducis
695 2961 857 3024 mentibus
872 2960 981 3024 anxiis

378 3059 538 3143 viresque,
554 3068 586 3122 et
600 3057 694 3122 addis
708 3078 829 3123 cornua
843 3060 987 3142 pauperi,

416 3159 495 3222 Post
508 3167 539 3220 te
555 3177 661 3240 neque
676 3158 773 3222 iratos
788 3159 936 3222 trementi

460 3258 588 3340 Regum
602 3257 710 3340 apices
723 3277 829 3340 neque
843 3257 984 3321 militum
998 3277 1096 3320 artua.
1201 3260 1241 3323 2⁰

376 3457 428 3520 'l'e
442 3456 547 3536 Liber,
563 3464 603 3536 et,
619 3455 646 3518 si
662 3455 747 3518 laeta
761 3455 870 3536 aderit,
887 3456 1006 3535 Venus,

374 3556 562 3638 Segnesque
577 3554 701 3618 nodum
715 3555 839 3618 solvere
854 3554 984 3618 Gratiae

526 3755 555 3804 G.
567 3755 617 3803 xxi.
632 3755 668 3804 1⁰.
686 3753 807 3816 negleget,
820 3753 937 3802 Orelliu.
