2742 4250
465 255 576 305 amun
599 255 625 306 1
678 253 705 304 s.
731 255 785 306 111.
1065 239 1132 312 181

111 411 290 474 Prodiderit
302 411 478 474 commissa
491 411 557 474 fide
572 431 769 496 sponsumve
783 413 933 496 negarit?
1090 415 1133 480 95

108 512 197 582 Quts
212 517 306 594 paria
319 531 390 573 esse
405 509 472 574 fere
486 512 608 595 placuit
622 523 764 595 peccata,
782 513 935 592 laborant,

107 612 197 674 Cum
206 621 346 674 ventum
356 610 401 672 ad
411 629 526 674 verum
539 624 607 675 est:
629 633 744 674 sensus
759 632 928 695 moresque
942 630 1131 696 repugnant,

107 711 217 792 Atque
233 711 306 793 ipsa
320 710 453 788 utilitas,
463 711 543 794 justi
558 731 655 794 prope
669 713 773 774 mater
787 723 819 774 et
833 713 939 795 aequi.

108 811 197 872 Cum
211 818 438 892 prorepserunt
451 811 562 893 primis
577 811 734 873 animalia
749 811 846 890 terris,

106 909 243 972 Mutum
254 921 286 972 et
297 920 389 991 turpe
399 929 508 991 pecus,
518 910 672 992 glandem
683 921 782 992 atque
793 911 914 975 cubilia
921 922 1047 994 propter
1072 914 1131 978 100
1163 969 1164 972 ,

105 1009 285 1090 Unguibus
299 1017 332 1071 et
344 1009 471 1091 pugnis,
487 1009 563 1073 dein
577 1009 726 1089 fustibus,
742 1021 840 1092 atque
855 1013 900 1076 ita
914 1031 1005 1094 porro

105 1108 307 1190 Pugnabant
321 1109 430 1188 armis,
446 1128 531 1190 quae
545 1121 617 1192 post
631 1109 843 1175 fabricaverat
858 1130 956 1175 usus:

106 1208 222 1270 Donec
236 1209 344 1287 rerba,
360 1208 479 1290 quibus
494 1228 589 1270 voces
605 1229 786 1292 sensusque
801 1220 956 1290 notarent,

104 1307 316 1390 Nominaque
330 1308 501 1371 invenere:
524 1307 644 1370 dehinc
659 1310 811 1372 absistere
826 1309 918 1390 bello,

104 1406 238 1490 Oppida
251 1417 425 1490 coeperunt
439 1409 575 1488 munire,
590 1418 624 1470 et
637 1429 753 1490 ponere
769 1409 865 1490 legeS,
1067 1412 1127 1476 1011

105 1507 157 1570 lie
172 1507 248 1588 quis
262 1507 315 1569 fur
329 1517 424 1586 esset,
438 1526 504 1570 neu
519 1507 609 1587 latro,
625 1528 691 1571 neu
706 1509 779 1590 quis
794 1509 928 1572 adulter.

105 1606 197 1670 Nam
210 1605 273 1668 fuit
287 1615 363 1667 ante
378 1606 539 1669 Helenam
554 1626 684 1671 cunnus
699 1608 858 1670 teterrima
873 1607 948 1671 belli

104 1708 228 1785 Causa,
244 1707 301 1768 sed
317 1705 434 1788 ignotis
448 1706 609 1788 perierunt
624 1708 779 1770 mortibus
795 1707 850 1786 illi,

104 1807 203 1875 Quos
218 1805 376 1868 Venerem
390 1805 546 1868 incertam
560 1806 728 1887 rapientes,
744 1826 831 1868 more
846 1804 994 1884 ferarum,

105 1907 238 1971 Viribus
252 1907 365 1970 editior
378 1906 541 2000 caedebat,
558 1906 644 1969 utin
660 1926 755 1988 grege
771 1914 893 1968 taurus.
1065 1907 1125 1970 110

104 2008 187 2072 Jura
202 2007 336 2071 inventa
350 2016 440 2068 metu
455 2005 573 2089 injusti,
589 2005 709 2068 fateare
724 2025 854 2068 necesse
871 2016 927 2084 est,

104 2108 271 2190 Tempora
285 2107 313 2169 si
326 2105 491 2187 fastosque
506 2105 588 2168 velis
602 2105 750 2169 evolvere
764 2105 888 2169 mnndi.

104 2208 175 2271 Nec
190 2218 307 2270 natura
321 2216 424 2288 potest
433 2208 521 2291 justo
535 2226 698 2269 secernere
713 2207 871 2289 iniquum,

104 2306 231 2369 Dividit
246 2316 283 2369 ut
297 2307 382 2368 bona
397 2306 541 2386 diversis,
557 2304 713 2388 fugienda
728 2307 892 2388 petendis:

103 2406 174 2469 Nec
189 2406 297 2468 vincet
311 2405 392 2466 ratio
406 2405 477 2484 hoc,
494 2404 687 2467 tantundem
703 2415 739 2467 ut
753 2416 863 2488 peccet
878 2406 1037 2489 idemque,
1062 2409 1123 2473 115

103 2505 174 2575 Qui
188 2514 314 2568 teneros
328 2504 440 2567 caules
454 2506 552 2567 alieni
567 2506 695 2586 fregerit
709 2506 799 2586 horti,

103 2605 148 2667 Et
161 2604 221 2686 qui
235 2614 413 2666 nocturnus
429 2624 520 2666 sacra
534 2603 649 2666 divum
663 2605 781 2687 legerit.
826 2606 920 2669 Adsit

102 2702 239 2785 Regula,
255 2704 394 2784 peccatis
409 2723 494 2784 quae
508 2723 628 2785 poenas
642 2704 757 2787 irroget
772 2725 912 2787 aequas,

103 2804 152 2867 Ne
166 2804 292 2865 scutica
307 2802 444 2884 dignum
460 2803 602 2866 horribili
617 2814 735 2866 sectere
750 2804 887 2887 flagello.

102 2903 199 2982 Nam,
214 2913 252 2965 ut
265 2902 369 2965 ferula
384 2902 502 2965 caedas
517 2903 670 2965 meritum
684 2906 805 2988 majora
820 2904 926 2966 subire
1064 2908 1122 2971 120

103 3005 253 3082 Verbera,
267 3022 333 3065 non
348 3021 466 3082 vereor,
483 3023 560 3065 cum
575 3002 666 3065 dicas
681 3024 750 3066 esse
766 3024 858 3086 pares
874 3024 923 3067 res

104 3106 207 3168 Furta
221 3102 396 3165 latrociniis
411 3113 442 3164 et
457 3103 585 3183 magnis
600 3123 700 3186 parva
716 3104 847 3167 mineris

104 3203 203 3265 Falce
216 3202 397 3264 recisurum
411 3201 508 3264 simili
523 3211 562 3281 te,
579 3203 606 3263 si
622 3202 678 3264 tibi
693 3223 830 3284 regnum

105 3302 295 3364 Pennittant
309 3301 466 3364 homines
509 3302 544 3364 Si
560 3302 659 3382 dives,
674 3303 732 3383 qni
747 3303 875 3386 sapiens
890 3314 946 3383 est,

106 3401 145 3463 Et
159 3411 251 3463 sutor
265 3400 370 3463 bonus
385 3410 416 3461 et
431 3400 518 3461 solus
532 3399 692 3462 formosus
706 3411 737 3464 et
752 3412 800 3463 est
815 3423 890 3467 rex:
1061 3407 1120 3470 lau

102 3500 168 3563 Cur
181 3510 276 3581 optas
291 3497 379 3580 quod
393 3500 494 3582 habes
506 3499 639 3562 l-Non
653 3501 746 3580 nosti,
763 3501 841 3581 quid
856 3504 1071 3584 pater,inquit,

103 3599 306 3681 Chrysippus
322 3599 426 3661 dicat:
448 3598 585 3680 Sapiens
600 3600 745 3681 crepidas
761 3600 820 3663 sibi
836 3620 1005 3682 nunquam
1067 3612 1069 3616 '

106 3698 170 3760 Nec
185 3698 291 3761 soleas
306 3697 380 3760 fecit
392 3717 400 3780 3
425 3707 513 3760 sutor
526 3708 635 3761 tamen
650 3709 699 3762 est
713 3700 978 3783 sapiens-uui
989 3702 1021 3765 1-
1030 3740 1047 3748 -
