2742 4250
460 247 572 296 ninas
596 247 620 296 1.
669 245 698 296 s.
725 247 760 296 n
1062 236 1132 299 203

100 404 179 469 Non
195 402 278 466 ridet
292 421 408 466 versus
423 403 514 468 Eunt
528 404 684 486 gravitate
699 404 847 484 minores,

100 505 196 566 Cum
210 502 252 566 de
268 523 304 565 se
320 502 471 584 loquitur,
487 523 552 566 non
568 515 604 566 ut
619 505 737 587 majore
751 505 932 587 reprensisl
1089 505 1129 566 55

99 602 201 674 Quid
215 613 307 665 vetat
322 612 354 664 et
368 614 495 666 nosmet
509 603 617 666 Lucili
632 605 750 686 scripta
764 603 906 686 legentes

99 705 285 781 Quaerere,
301 723 384 765 num
399 702 496 782 illius,
512 722 593 767 nutu
610 723 717 766 rerum
732 703 813 765 dura
828 713 952 785 negant
970 755 975 762 .

99 804 293 867 Versiculos
308 814 426 867 natura
440 806 546 887 magis
561 806 662 869 factos
677 816 711 868 et
724 817 838 869 euntes

99 902 251 983 Mollius,
268 923 307 966 ac
323 905 351 966 si
366 904 449 984 quis,
465 903 602 986 pedibus
617 904 697 986 quid
712 905 863 969 claudere
878 907 973 985 senis,

100 1001 179 1066 lloc
194 1013 328 1065 tantum
342 1013 522 1084 contentus,
538 1015 625 1067 amet
639 1006 803 1086 scripsisse
818 1006 974 1068 ducentos
1092 1007 1134 1069 ltu

100 1103 194 1168 Ante
210 1104 323 1166 cibum
337 1123 461 1184 versus,
477 1103 610 1167 totidem
624 1116 780 1168 coenatus
792 1127 798 1186 ;
823 1104 954 1169 Etrusci

101 1201 220 1272 Quale
236 1201 300 1265 suit
315 1202 411 1265 Cassi
425 1203 537 1286 rapido
550 1202 727 1267 ferventius
742 1205 831 1267 amni

102 1302 294 1384 Ingenium,
310 1303 419 1384 capsis
434 1322 533 1384 quem
547 1302 637 1366 sama
651 1315 786 1368 estesse
801 1304 953 1386 librisque

103 1403 310 1464 Ambustum
325 1403 468 1485 propriis.
513 1403 625 1466 Fuerit
638 1403 796 1484 LuciliuS,
812 1404 955 1485 inquam,

103 1501 221 1563 Comis
236 1510 270 1563 et
285 1502 439 1581 urbanus
456 1500 551 1564 fuerit
566 1501 705 1566 limatior
719 1503 814 1583 idem,
1090 1505 1132 1566 65

103 1602 224 1670 Quam
240 1600 331 1663 rudis
347 1611 379 1663 et
394 1602 526 1664 Graecis
541 1602 654 1665 intacti
668 1604 821 1666 carminis
836 1615 955 1683 auctor,

104 1703 291 1783 Quamque
306 1713 474 1783 poetarum
488 1703 652 1765 seniorum
669 1705 780 1785 turba3
805 1704 862 1766 sed
878 1705 939 1783 ille,

104 1801 142 1865 Si
158 1800 243 1864 foret
257 1801 319 1863 hoc
334 1811 481 1863 nostrum
495 1800 562 1864 fato
577 1801 697 1864 dilatus
712 1803 744 1865 in
761 1823 889 1882 aevum,

105 1902 277 1964 Detereret
291 1901 352 1964 sibl
368 1900 480 1980 multa,
496 1901 648 1964 recideret
662 1921 767 1980 omne,
783 1902 871 1983 quod
888 1903 971 1965 ultra

53 2044 63 2048 -
106 1998 295 2064 Perfectum
310 1997 495 2080 traheretur,
510 2001 592 2064 etin
607 2020 704 2064 versu
719 2000 866 2064 faciendo
1090 2003 1131 2068 to

105 2100 215 2183 Saepe
230 2107 331 2182 caput
345 2099 497 2182 scaberet,
513 2101 607 2164 vivos
622 2111 653 2164 et
668 2100 790 2165 roderet
806 2121 942 2185 ungues.

106 2200 216 2283 Saepe
231 2199 343 2262 stilum
357 2209 472 2279 vertas,
488 2201 605 2264 iterum
619 2222 704 2284 quae
719 2201 817 2285 digna
833 2202 894 2285 legi
911 2203 983 2283 sint,

105 2300 316 2386 Scriptorum
340 2317 455 2380 neque,
473 2310 502 2362 te
518 2311 555 2363 ut
570 2300 703 2363 miretur
718 2303 820 2381 turba,
838 2302 971 2382 labores,

106 2398 293 2459 Contentus
308 2398 421 2479 paucis
438 2398 618 2461 lectoribus.
662 2401 717 2462 An
732 2410 789 2463 tua
804 2400 938 2481 demens

106 2499 238 2561 Vilibus
254 2499 287 2560 in
302 2498 388 2561 ludis
403 2498 516 2562 dictari
531 2501 676 2563 carmina
691 2502 810 2565 malis?
1089 2502 1130 2565 75

107 2596 185 2661 Non
200 2617 276 2679 ego;
292 2618 371 2661 narn
382 2599 461 2661 satis
472 2591 529 2679 e'st,
541 2599 683 2680 equitem
695 2601 775 2663 mihi
788 2601 950 2683 plaudere,
965 2610 998 2663 ut
1011 2599 1130 2677 audax,

106 2697 314 2781 Contemptis
328 2697 410 2777 aliis,
426 2698 561 2780 explosa
575 2699 758 2761 Arbuscula
772 2700 863 2763 dixit.

106 2796 198 2859 Men’
212 2806 344 2858 moveat
358 2797 466 2859 cimex
481 2797 651 2877 Pantilius,
667 2809 725 2860 aut
739 2799 867 2879 cruciet,
883 2799 970 2882 quod

106 2894 248 2957 Vellicet
261 2894 430 2958 absentem
446 2896 639 2975 Demetrius,
655 2908 713 2959 aut
727 2897 814 2978 quod
829 2898 956 2979 ineptus

107 2994 262 3056 Fannius
276 2994 489 3077 Hermogenis
504 2995 611 3058 laedat
624 2997 762 3059 conviva
778 2996 921 3078 Tigelli?
1090 3000 1131 3061 Sil

107 3092 238 3155 Plotius
252 3102 285 3154 et
299 3092 425 3173 VariuS,
442 3094 615 3156 Maecenas
630 3096 856 3177 virgiliusque,
982 3104 986 3110 '

107 3191 256 3274 Valgius
273 3202 305 3255 et
318 3193 428 3274 probet
442 3193 523 3255 haec
539 3193 696 3257 Octavius
706 3196 860 3277 optimus,
877 3207 973 3277 atque

108 3293 252 3370 Fuscus,
267 3292 396 3355 ethaeo
412 3293 538 3355 utinam
553 3293 722 3356 Viscorum
737 3294 846 3357 laudet
864 3296 1016 3377 uterque!

110 3389 296 3455 Ambitione
312 3390 460 3473 relegata,
476 3401 506 3453 te
521 3391 625 3454 dicere
640 3412 780 3473 possum,

109 3488 222 3569 Pollio,
239 3498 280 3569 te,
296 3489 447 3569 Messala,
463 3500 609 3552 tuocum
624 3490 727 3569 sratre,
745 3491 906 3572 simulque
1088 3494 1128 3556 bb

290 3720 329 3769 68.
348 3718 458 3829 ἀοῙῙῖωες
476 3718 595 3779 dilapsus;
612 3719 730 3781 delapsus.
798 3720 837 3769 78.
855 3722 953 3770 crucier.
