2742 4250
466 284 574 335 LIBER
601 285 651 335 IV.
702 285 731 334 C.
758 286 792 335 V.

235 444 368 511 affulsit
380 442 507 527 populo,
524 442 640 524 gratior
654 442 679 505 it
693 441 772 521 dies,

318 544 364 607 Et
378 542 461 605 soles
475 542 593 603 nrelius
607 541 719 603 nitent

236 726 282 790 Ut
295 736 398 789 mater
407 726 571 808 juvenem,
587 742 684 805 quem
701 723 805 785 Notus
820 721 931 785 invido

236 825 339 889 Flatu
356 822 523 905 Carpathii
538 832 626 884 trans
640 821 740 884 maris
754 841 895 902 aequora

235 926 453 987 Cunctantem
467 921 571 1003 spatio
585 920 715 1003 longius
730 939 842 983 annuo

321 1022 420 1087 Duloi
435 1021 566 1084 distinet
580 1041 600 1083 a
615 1020 722 1099 domo,

241 1222 326 1285 Votis
341 1222 567 1302 ominibusque
582 1230 614 1283 et
628 1220 776 1302 precibus
791 1228 893 1299 vocat,

236 1323 345 1385 Curvo
360 1340 421 1384 nee
435 1319 554 1383 faeiem
568 1320 658 1382 litore
686 1318 838 1399 dimovet,

235 1421 299 1501 Sic,
315 1419 480 1483 desideriis
495 1418 559 1481 iota
574 1417 734 1497 fidelibus,

320 1518 459 1588 Quaerit
472 1517 575 1599 patria
591 1518 777 1580 Caesarem.

236 1717 347 1781 'l'utus
362 1716 420 1779 bos
435 1721 555 1778 etenim
569 1735 643 1777 rura
658 1714 869 1797 perambulat,

237 1816 346 1880 Nutrit
359 1834 434 1878 rura
449 1816 545 1878 Ceres
560 1813 712 1896 almaque
727 1814 901 1894 Faustitas,

238 1915 397 1977 Pacatum
411 1913 547 1977 volitant
561 1932 616 1995 per
629 1932 720 1975 mare
734 1912 873 1992 navitae,

322 2013 455 2096 Culpari
470 2012 584 2075 metuit
600 2012 717 2094 Fides3

237 2212 345 2277 Nullis
359 2212 514 2295 polluitur
527 2222 618 2276 casta
632 2211 750 2274 domus
765 2213 892 2296 stupris,

237 2313 309 2376 Mos
324 2321 356 2375 et
370 2313 424 2375 lex
439 2312 643 2374 maculosum
658 2311 801 2375 edomuit
816 2311 916 2392 nefas,

236 2411 430 2476 Laudentur
444 2411 542 2474 simili
556 2411 643 2493 prole
656 2430 836 2493 puerperae,

322 2510 462 2592 Culpam
477 2529 582 2592 poena
596 2511 711 2592 premit
724 2527 842 2572 comes

238 2708 325 2778 Quis
336 2707 495 2772 Parthum
506 2718 631 2790 paveat,
643 2709 718 2790 quis
728 2707 872 2790 gelidum
882 2709 1035 2790 Scythen.
1087 2709 1128 2771 25

239 2807 326 2878 uuis
341 2807 515 2870 Germania
529 2827 611 2889 quos
625 2808 754 2871 horrida
767 2807 902 2889 parturit

239 2908 351 2986 Fetus,
367 2906 521 2970 ineolumi
536 2907 698 2970 Caesarei
718 2907 792 2987 quis
807 2905 891 2970 ferae

324 3006 453 3070 Bellum
467 3016 557 3070 curet
572 3007 746 3070 Hiberiae?

240 3204 358 3268 Condit
372 3205 510 3287 quisque
524 3204 610 3267 diem
624 3205 760 3268 collibus
774 3207 808 3268 in
823 3205 899 3285 suis,

240 3304 286 3367 Et
299 3305 399 3367 vitem
414 3303 532 3367 viduas
548 3304 637 3367 ducit
651 3304 695 3366 ad
709 3305 835 3368 arbores
847 3325 855 3386 ;
1088 3305 1130 3368 30

241 3401 327 3466 Hine
341 3403 385 3466 ad
399 3404 477 3466 vina
492 3403 572 3466 redit
587 3403 700 3482 leetuS,
715 3414 748 3466 et
761 3403 868 3466 alteris

325 3503 377 3568 'Pe
392 3503 513 3566 mensis
528 3502 659 3565 adhibet
673 3502 773 3565 deum
781 3523 790 3582 ς

263 3685 287 3737 Ὶ.
305 3684 409 3736 affulsit.
422 3685 483 3736 ibid.
502 3686 591 3746 gratior
602 3692 626 3731 et
637 3684 730 3733 dies*
809 3687 845 3734 14.
864 3679 985 3733 dement.

559 3768 599 3816 ³1.
617 3769 690 3816 venit.
