2742 4250
640 267 839 320 omniun

403 424 518 507 Audis,
533 445 599 508 quo
615 426 750 508 strepitu
759 426 871 510 janua,
886 444 953 508 quo
967 444 1085 490 nemus
1237 429 1261 493 ὓ

404 526 492 589 Inter
505 526 641 610 pulchm
655 536 765 589 satum
780 535 865 588 tecta
878 525 1039 608 remugiat

403 625 541 690 Ventis?
562 635 594 688 et
608 625 731 708 positos
745 634 782 688 ut
797 624 913 707 glaciet
927 625 1020 688 nives

489 726 573 789 Puro
587 725 722 790 numine
737 725 883 808 Jupiter?

402 925 569 1008 Ingratum
584 924 700 988 Veneri
714 943 797 1006 pone
811 925 1004 1008 superbiam,

403 1025 453 1088 Ne
467 1033 613 1088 currente
628 1034 710 1086 retro
724 1023 812 1087 funis
826 1032 879 1086 eat
892 1034 971 1087 roto„
1216 1027 1258 1087 10

402 1123 476 1187 Non
491 1132 521 1186 te
537 1121 721 1206 Penelopen
735 1121 902 1186 difficilem
916 1122 1018 1205 pmcis

486 1221 679 1304 Tyrrhenus
696 1221 808 1304 genuit
821 1241 946 1304 parens.

401 1421 597 1502 Oquamvis
612 1439 718 1501 neque
733 1429 764 1483 te
779 1439 915 1482 munera
928 1439 988 1482 nec
1003 1440 1110 1504 preces

400 1519 470 1584 Nee
485 1519 605 1582 tinctus
619 1519 707 1582 viola
722 1518 824 1600 pellor
837 1519 1021 1582 amantium

400 1618 470 1683 Nec
485 1619 534 1681 vir
548 1619 654 1682 Pieria
668 1619 783 1702 pellice
798 1619 931 1682 saueius
1209 1623 1250 1686 15

485 1719 616 1798 (inruat,
633 1719 833 1801 supplicibus
848 1719 912 1781 tuis

401 1918 527 1997 ParceS,
543 1938 603 1981 nec
618 1918 722 2001 rigida
736 1918 862 1983 mollior
875 1920 1005 1984 aesculo

327 2097 329 2101 Ι
373 2013 375 2016 ’
399 2017 469 2082 Nec
486 2018 611 2081 Mauris
626 2019 775 2080 animum
789 2019 895 2083 mitior
908 2019 1079 2103 anguibus.

400 2116 474 2183 Non
489 2118 551 2181 hoc
566 2138 693 2201 semper
705 2117 764 2181 erit
779 2116 899 2182 liminis
914 2131 972 2183 aut
985 2140 1091 2203 aquae

483 2217 638 2280 Goelestis
653 2217 780 2299 patiens
795 2217 890 2281 latus.
1204 2221 1248 2284 20

606 2834 786 2897 CARMEN
813 2834 872 2896 xl.

527 3049 585 3091 An
622 3048 941 3093 Muucuuiuu.

395 3254 541 3333 Mercuri,
557 3273 635 3317 nam
650 3265 681 3317 te
695 3253 809 3319 docilis
823 3255 978 3338 magistro

397 3352 501 3417 Movit
515 3353 680 3435 Amphion
694 3353 818 3436 lapides
830 3352 988 3436 cauendo,

393 3452 526 3534 Tuque,
541 3452 677 3534 testudo,
694 3472 841 3519 resonare
854 3464 978 3538 septem

479 3550 737 3634 eallidainervie

471 3752 500 3803 G.
513 3768 536 3802 x.
550 3751 572 3801 6.
591 3752 677 3803 Situm.
850 3753 889 3804 18.
905 3754 997 3804 auimo.
