2742 4250
536 276 655 334 uem
706 282 842 335 dvm.

525 585 706 648 OARMEN
739 582 832 646 vm.

410 802 455 845 tu
489 800 606 845 quat
640 798 950 844 nlntntnosnrt.

330 981 454 1064 llogare
469 980 565 1064 longo
579 980 728 1065 putidam
743 990 773 1043 te
790 978 929 1058 saeculo,

372 1081 461 1145 Vires
476 1082 556 1163 quid
570 1090 701 1145 enervet
715 1080 829 1145 measl

329 1180 415 1243 Cum
430 1183 472 1245 sit
486 1181 543 1245 tibi
557 1181 639 1245 dens
653 1192 730 1261 ater,
745 1191 778 1243 et
792 1179 880 1263 rugis
895 1188 989 1241 vetus

369 1282 522 1346 Frontem
537 1292 686 1345 senectus
700 1290 819 1359 exaret,

329 1378 468 1463 Hietque
482 1383 584 1465 turpis
599 1383 681 1445 inter
695 1380 804 1443 aridas
819 1390 911 1443 nates
1165 1377 1185 1439 5

370 1482 490 1561 podex,
506 1482 596 1545 velut
610 1480 729 1545 crudae
744 1480 859 1545 bovis?

328 1579 392 1644 Sed
406 1582 519 1645 incitat
532 1602 585 1645 me
600 1592 713 1665 peetus
727 1590 759 1644 et
773 1600 936 1645 mammae
951 1588 1068 1661 putres,

368 1680 501 1762 Equina
515 1681 630 1763 quales
644 1682 753 1761 ubere,

329 1779 507 1862 Venterque
520 1780 627 1844 mollis
640 1790 673 1844 et
686 1780 792 1843 femur
806 1778 1005 1842 tumentibus

368 1879 466 1943 Exile
481 1881 565 1944 suris
579 1880 747 1945 additum!
1147 1878 1184 1941 ΙΟ

327 1978 406 2041 Esto
420 1980 523 2061 beata,
538 1980 639 2045 funus
654 1992 753 2063 atque
768 1980 926 2063 imagines

368 2079 501 2152 Ducant
515 2080 727 2164 triumphales
743 2092 846 2166 tuum,

325 2179 394 2243 Nee
410 2181 452 2242 sit
465 2181 589 2260 marita,
605 2201 690 2264 quae
705 2181 942 2245 rotundioribus

366 2279 494 2343 Onusta
507 2281 617 2344 baccis
631 2281 784 2346 ambulet

201 2373 206 2382 ’
325 2378 427 2459 Quid,
442 2379 530 2461 quod
545 2381 644 2445 libelli
658 2382 758 2446 Stoici
773 2381 855 2444 inter
870 2381 986 2444 sericos
1146 2380 1182 2443 15

366 2479 479 2543 Jaeere
493 2481 647 2564 pulvillos
662 2481 800 2544 amant?

325 2577 469 2642 illiterati
484 2599 566 2643 mun
581 2581 690 2644 minus
707 2580 796 2642 nervi
811 2579 922 2661 rigent,

366 2676 521 2742 Minusve
536 2680 670 2762 languet
683 2679 869 2742 fascinum?

324 2777 425 2849 Quod
439 2788 478 2841 ut
492 2779 628 2863 superbo
642 2797 797 2861 provoces
811 2777 853 2841 ab
871 2775 1014 2860 inguine,

365 2877 430 2941 Ore
444 2876 701 2942 adlaborandum
716 2889 765 2940 est
780 2877 844 2941 tibi.
1140 2875 1182 2940 20
