2742 4250
189 206 272 318 ‘tot
601 264 801 315 cruuntur

310 418 451 482 Vincunt
465 436 605 499 aequora
619 416 759 497 navitae,

350 517 510 598 Magnum
524 517 693 600 pauperies
705 516 909 599 opprobrium
918 517 1012 600 jubet

307 615 452 689 Quidvis
466 626 498 679 et
512 615 616 679 iacere
630 625 662 679 et
676 616 744 699 pati

350 715 549 797 virtutisque
563 716 652 777 viam
666 714 783 787 deserit
796 713 942 778 arduae?

308 814 366 879 Vei
382 832 442 877 nos
457 814 492 877 in
507 813 713 897 Capitolium,

350 915 428 983 Quo
442 912 564 976 clamor
578 924 673 977 vocat
685 925 719 976 et
733 913 826 977 turba
840 912 1030 993 faventium,

309 1012 368 1076 Vel
382 1031 441 1075 nos
456 1013 491 1076 in
505 1032 594 1077 mare
608 1011 794 1095 proximum

351 1113 506 1176 Gemmas
520 1121 553 1175 et
566 1111 699 1195 lapides,
713 1121 877 1176 autumet
890 1110 1012 1190 inutile,

309 1211 438 1276 Summi
453 1211 621 1275 materiem
635 1211 723 1291 mali,

352 1310 531 1391 Mittamus,
547 1310 705 1374 scelerum
719 1310 747 1373 si
761 1310 844 1373 bene
857 1310 1007 1392 poenitet.
1109 1304 1114 1311 ’

311 1409 486 1474 Eradenda
499 1409 662 1492 cupidinis

352 1508 451 1573 Pravi
466 1518 542 1571 sunt
557 1508 725 1588 elementa,
739 1517 772 1572 et
789 1518 917 1571 tenerae
930 1508 1028 1571 nimis

182 1610 185 1615 '
311 1607 438 1670 Mentes
452 1607 663 1690 asperioribus

354 1707 559 1771 Formandae
574 1707 698 1771 studiis.
741 1707 852 1772 Nescit
865 1727 948 1790 equo
963 1706 1051 1769 rudis

313 1807 451 1870 Haerere
466 1805 628 1889 ingenuus
642 1826 731 1890 puer,

357 1905 537 1989 venarique
552 1906 650 1985 timet,
667 1905 777 1970 ludere
792 1905 921 1985 doctior,

313 2005 379 2068 Seu
396 2006 518 2069 Graeco
527 2005 643 2088 jubeas
659 2004 778 2083 trocho,

355 2104 422 2168 Seu
437 2103 532 2167 malis
547 2104 646 2168 vetita
661 2104 787 2187 legibus
801 2103 882 2184 alcu,

313 2204 399 2266 Ourn
413 2205 541 2288 perjura
555 2205 653 2287 patris
670 2204 752 2268 fides

355 2303 542 2366 consortem
558 2304 682 2367 socium
696 2303 789 2368 fallat
802 2314 834 2367 et
848 2303 1016 2386 hospitem,

294 2486 298 2492 k
314 2401 516 2486 indignoque
530 2403 704 2486 pecuniam

261 2543 263 2546 -
355 2501 473 2566 Heredi
487 2513 639 2586 properet
683 2503 813 2567 Scilicet
826 2503 990 2585 improbae

314 2602 473 2666 crescunt
485 2602 637 2668 divitiae:
659 2613 770 2668 tamen

356 2702 476 2765 Curtae
490 2703 598 2766 nescio
612 2702 694 2785 quid
708 2722 834 2786 semper
846 2703 938 2765 abest
951 2701 1005 2765 rei.

418 2917 460 2969 4⁰.
477 2920 613 2969 muriam.
838 2917 877 2968 60.
894 2915 1006 2982 humitis
