2742 4250
655 299 854 350 CARMINUH

360 453 516 538 lnjurioso
529 474 571 518 ne
586 455 666 538 pede
680 475 812 538 proruas

359 553 507 618 Stantem
519 553 716 635 columnam,
731 573 796 618 neu
811 554 949 637 populus
964 553 1115 638 frequens

405 652 456 716 nd
470 673 561 716 arma
574 665 746 734 cessantes,
762 653 804 717 ad
819 674 910 717 arma
1228 657 1266 720 15

446 754 592 817 Concitet
606 754 840 836 imperiumque
855 751 990 837 frangat

359 951 411 1014 'l'e
426 969 551 1034 semper
565 951 665 1015 anteit
679 971 779 1015 saeva
792 951 984 1030 Necessitas,

361 1049 481 1114 Claros
495 1051 634 1115 trabales
648 1062 680 1114 et
694 1071 816 1115 cuneos
830 1071 934 1115 manu

404 1150 542 1213 Gestans
557 1151 672 1230 ahena,
689 1170 748 1213 nec
763 1170 895 1213 severus

444 1249 559 1314 Uncus
574 1249 664 1312 abest
679 1249 905 1332 liquidumque
920 1248 1100 1332 plumbum.
1224 1249 1265 1310 2⁰

359 1447 411 1511 Te
425 1449 506 1532 Spes
520 1457 553 1512 et
567 1448 641 1512 albo
654 1469 726 1513 rara
742 1447 841 1512 Fides
854 1448 931 1512 colit
998 1524 1001 1529 ,

361 1545 473 1610 Velata
487 1567 604 1632 panno,
619 1567 679 1612 nec
693 1548 843 1612 comitem
858 1548 1004 1631 abnegat,

403 1645 573 1731 Utcunque
588 1658 714 1711 mutata
728 1658 873 1731 potentes

444 1746 539 1810 Veste
554 1747 668 1811 domos
683 1747 815 1811 inimica
830 1747 951 1829 linquis

357 1944 402 2007 At
416 1944 536 2028 vulgus
550 1945 690 2009 infidum
704 1957 736 2009 et
750 1939 899 2009 meretrix
913 1956 994 2008 retro
1221 1944 1261 2006 25

358 2043 488 2130 Peq'ura
501 2046 585 2109 cedit
598 2069 605 2131 ;
629 2047 805 2131 diffugiunt
819 2046 908 2110 cadis

400 2147 487 2210 Cum
500 2146 590 2210 faece
604 2148 731 2210 siccatis
746 2146 850 2226 amici,

441 2246 536 2308 Ferre
546 2247 665 2331 jugum
679 2246 794 2329 pariter
807 2246 917 2309 dolosi

356 2444 471 2509 Sernes
486 2445 606 2509 iturum
622 2445 797 2509 Caesarem
811 2446 845 2509 in
860 2445 990 2509 ultimos

356 2544 451 2608 Orbis
466 2546 644 2627 Britannos,
660 2555 692 2609 et
700 2548 862 2631 juvenum
876 2564 986 2609 recens
1219 2541 1260 2605 30

398 2644 559 2725 Examen,
575 2645 654 2714 Eois
670 2645 850 2709 timendum

424 2736 426 2739 ’
440 2744 589 2808 Partibus
604 2745 799 2827 Oceanoque
813 2746 914 2808 rubro.

355 2940 452 3006 Eheu
467 2943 654 3010 cicatricum
669 2955 702 3007 et
716 2943 845 3008 sceleris
858 2941 957 3026 pudet

357 3041 581 3127 Frenumque.
624 3043 718 3115 Quid
733 3063 792 3107 nos
806 3043 888 3107 dura
902 3041 1081 3125 refugimus

398 3140 520 3205 least
541 3141 621 3224 quid
636 3142 796 3208 intactum
810 3142 927 3207 nefasti

440 3240 637 3322 Liquimusi
659 3241 748 3304 unde
762 3261 900 3305 manum
909 3242 1066 3326 juventus

355 3452 446 3518 Metu
462 3453 594 3519 deorum
609 3456 793 3520 continuit?
813 3456 931 3538 quibus

356 3551 498 3636 Peperci
514 3556 600 3619 arisi
644 3556 674 3620 Ο
690 3556 817 3621 utinam
831 3575 917 3619 nova

357 3771 605 3823 e.xxxv.17.serva
706 3773 747 3825 33.
764 3770 926 3828 Heuheui'
995 3772 1028 3823 36
1053 3786 1140 3822 manos
