2742 4250
629 225 843 278 effluenti!

620 515 781 574 SATIRA
811 513 875 574 HL

278 739 439 804 Omnibus
455 739 516 800 hoc
533 737 649 800 vitium
664 748 713 799 est
728 739 921 817 cantoribus,
938 739 1018 799 inter
1033 736 1155 800 airricus

240 841 281 903 Ut
295 859 466 920 nunquam
483 837 802 900 inducantanimum
819 849 949 899 eantare
966 837 1075 918 rogati,

238 939 356 1024 lnjussi
371 957 542 1018 nunquam
558 937 723 998 desistant.
768 937 891 1000 Sardus
908 938 1048 999 habebat

239 1040 296 1102 llle
312 1038 474 1121 Tigellius
490 1038 560 1099 hoc.
605 1037 734 1115 Caesar,
751 1038 808 1117 qni
824 1047 1066 1120 cogereposset,

237 1139 272 1201 Si
288 1148 407 1220 peteret
421 1158 478 1220 per
493 1128 672 1200 amicitiam
686 1138 786 1218 patris
802 1147 899 1218 atque
915 1157 1019 1216 suam,
1036 1155 1100 1198 non
1245 1137 1265 1196 b

237 1236 432 1318 Quidquam
446 1236 633 1318 pmliceret:
656 1236 683 1297 si
699 1235 904 1316 collibuisset,
921 1237 962 1298 ab
976 1255 1038 1297 ovo

238 1337 350 1418 Usque
365 1337 407 1398 ad
423 1336 511 1398 mala
525 1336 656 1399 citaret:
680 1336 717 1397 Io
733 1336 881 1398 Bacche!
905 1337 1000 1398 modo
1015 1354 1145 1398 summa

238 1437 332 1515 Voce,
348 1435 443 1497 modo
459 1436 530 1516 hac,
547 1446 673 1497 resonat
688 1455 773 1516 quae
788 1435 916 1498 chordis
931 1445 1067 1516 quatuor
1081 1435 1157 1496 ima.

239 1536 292 1599 Nil
308 1536 444 1616 aequale
460 1535 583 1597 homini
599 1535 660 1598 snit
675 1535 742 1617 illi;
767 1556 862 1618 saepe
878 1535 966 1597 velut
981 1536 1037 1617 qui

238 1636 396 1696 Currebat
410 1634 538 1716 fugiens
554 1635 688 1714 hostem,
704 1655 856 1718 persaepe
872 1634 962 1696 velut
976 1635 1032 1716 qui
1217 1635 1264 1701 ,ιο
1355 1597 1356 1648 l

145 1731 147 1734 ’
239 1735 377 1798 Junonis
393 1755 484 1796 sacra
500 1733 612 1797 ferret:
636 1736 777 1798 habebat
794 1755 889 1818 saepe
905 1734 1068 1813 ducentos,

239 1837 342 1918 Saepe
357 1834 468 1896 decern
484 1854 613 1898 servos:
635 1835 732 1897 modo
747 1856 837 1918 reges
852 1846 949 1916 atque
965 1836 1150 1914 tetrarchas,

239 1936 361 1998 Omnia
375 1955 505 2016 magna,
519 1935 672 2017 loquens:
696 1935 811 1998 modo:
834 1935 883 1998 Sit
898 1935 979 1996 milri
994 1955 1107 1998 mensa
1123 1935 1219 2018 tripes
1232 1944 1265 1996 ct

240 2037 376 2099 Concha
391 2035 467 2098 salis
482 2035 553 2117 puri
569 2046 601 2097 et
615 2046 699 2117 toga,
715 2054 800 2117 quae
816 2033 984 2097 defendere
1001 2034 1111 2116 frigus

240 2136 405 2206 Quamvis
420 2156 537 2216 crassa,
554 2146 660 2217 queat.
706 2136 822 2198 Decies
839 2147 975 2198 centena
990 2136 1133 2199 dedisses
1223 2136 1264 2198 15

240 2237 327 2300 Huic
342 2256 438 2318 parco
454 2237 567 2318 paucis
584 2234 743 2315 contento,
759 2237 903 2317 quinque
919 2236 1034 2298 diebus
1051 2228 1053 2230 ’

242 2336 297 2401 Nil
311 2331 379 2398 erat
393 2336 427 2398 in
443 2336 565 2398 loculis,
610 2337 729 2399 Noctes
745 2336 901 2418 vigilabat
916 2336 959 2397 ad
975 2336 1082 2418 ipsum

241 2436 358 2523 lllane3
382 2435 470 2497 diem
485 2445 588 2498 totum
605 2437 764 2498 stertebat.
809 2435 864 2498 Nil
879 2435 940 2498 fuit
956 2456 1103 2517 unquam

241 2536 296 2599 Sic
311 2536 415 2616 impar
430 2535 500 2597 sibi.
546 2534 642 2597 Nunc
658 2535 777 2616 aliquis
793 2534 880 2597 dicat
897 2536 997 2598 milri:
1021 2536 1113 2606 Quid
1130 2538 1188 2599 tul

241 2634 385 2698 Nullane
400 2633 501 2695 habes
515 2634 768 2697 vitial-Immo
783 2634 857 2713 alia,
870 2645 901 2695 et
916 2634 1048 2696 sortasse
1063 2636 1198 2699 minora.
1222 2638 1263 2699 20
1355 2644 1356 2721 J

242 2732 393 2797 Maenius
408 2733 575 2795 absentem
590 2733 735 2795 Novium
749 2753 826 2795 cum
841 2745 1002 2815 carperet:
1026 2734 1117 2799 Heus
1133 2745 1177 2815 tu,

241 2832 390 2902 Quidam
405 2832 458 2911 ait,
476 2834 604 2914 ignoras
621 2833 677 2895 tel
700 2853 752 2907 an,
770 2843 806 2895 ut
821 2834 977 2914 ignotum,
994 2834 1071 2895 dare
1086 2835 1178 2898 nobis

244 2932 348 2995 Verba
363 2932 483 3013 putas?
527 2932 666 3015 Egomet
681 2942 727 2995 ml
743 2934 881 3015 ignosco,
899 2934 1050 2996 Maenius
1066 2936 1179 3017 inquit.
1249 2921 1253 2927 ¹
1355 2978 1356 2998 r

243 3031 370 3093 Stultus
386 3042 417 3093 et
432 3032 596 3113 improbus
612 3033 665 3094 hic
680 3052 770 3093 amor
785 3041 841 3111 est,
858 3032 1041 3113 dignusque
1057 3036 1168 3096 notari.

245 3132 330 3192 Cum
346 3139 403 3192 tua
418 3130 586 3212 pervideas
602 3132 703 3195 oeulis
720 3132 807 3194 mala
822 3132 928 3214 lippus
944 3133 1100 3213 inunctis·
1225 3136 1264 3197 25

245 3231 313 3292 Cur
327 3230 361 3292 in
378 3231 556 3293 amicorum
571 3232 658 3294 vitiis
673 3242 741 3294 tarn
757 3231 861 3295 cernis
879 3243 1022 3312 acutum,

245 3331 359 3398 Quam
374 3340 431 3391 aut
446 3330 556 3411 aquila
571 3342 629 3393 aut
640 3352 769 3413 serpens
782 3332 1004 3415 Epidauriusl
1035 3334 1077 3395 At
1091 3332 1146 3395 tibi
1157 3344 1263 3395 contra

245 3428 374 3509 Evenit,
390 3430 554 3511 inquirant
568 3432 647 3494 vitia
662 3442 698 3493 ut
714 3443 770 3494 tua
786 3453 895 3495 rursus
911 3443 942 3495 et
957 3432 1011 3495 illi.

248 3528 432 3592 iracundior
447 3541 494 3591 est
509 3531 614 3612 paulo,
631 3532 741 3593 minus
757 3542 852 3613 aptus
868 3532 971 3594 acutis

313 3730 339 3777 8.
351 3731 385 3777 iii.
397 3730 437 3778 20.
456 3730 519 3779 band
531 3729 629 3779 sonasoe
641 3733 743 3780 minora.
810 3734 858 3791 25.Ι
868 3732 1024 3795 praevideas3
1042 3732 1105 3782 male
1117 3734 1200 3795 lippna
