2742 4250
436 295 487 344 on
511 295 609 346 anun
633 294 794 348 Pomm.
1050 286 1121 355 303

144 454 280 517 Scimus
294 453 491 516 inurbanum
506 452 614 534 lepido
628 471 779 536 seponere
794 454 885 526 dieto,

144 552 411 635 legitimumque
426 571 544 615 sonum
558 551 666 634 digitis
679 553 837 616 callemus
852 564 884 617 et
898 575 984 618 eure.

145 653 302 732 Ignotum
317 651 457 732 tragicae
471 670 575 732 genus
590 651 751 714 invenisse
766 653 931 715 Camenae
1057 656 1119 720 275

147 750 284 828 Dicitur,
300 760 332 812 et
346 750 497 831 plaustris
511 751 639 812 vexisse
654 761 804 832 poemata
817 753 967 834 ThespiS,

145 850 248 918 Quae
261 859 413 911 canerent
427 859 622 930 agerentque
636 851 781 930 peruncti
797 851 940 913 faecibus
954 871 1019 914 ora.

150 948 227 1010 Post
240 947 329 1009 hunc
343 965 499 1028 personae
510 947 681 1028 pallaeque
696 959 832 1030 repertor
846 949 999 1012 honestae

145 1045 332 1128 Aeschylus
345 1055 378 1107 et
392 1045 527 1108 modicis
541 1046 689 1108 instravit
703 1046 827 1129 pulpita
842 1047 949 1130 tignis,

146 1144 194 1206 Et
207 1143 318 1206 docuit
331 1162 553 1224 magnumque
568 1143 655 1224 loqui
671 1144 795 1225 nitique
809 1146 973 1209 cothurno.
1059 1145 1121 1208 280

145 1244 311 1306 Successit
326 1252 419 1304 vetus
433 1243 485 1304 his
499 1242 673 1322 comoedia,
691 1262 755 1305 non
771 1244 840 1306 sine
855 1244 959 1306 multa

146 1341 281 1421 laude3
305 1340 362 1402 sed
376 1341 411 1403 in
426 1341 543 1402 vitium
557 1341 686 1403 libertas
701 1341 821 1404 excidit
835 1352 868 1404 et
882 1343 951 1404 vim

148 1441 294 1522 Dignam
309 1439 379 1520 lege
392 1440 479 1520 regi:
502 1439 556 1501 lex
570 1449 619 1501 est
632 1450 773 1522 accepta,
789 1442 970 1523 chorusque

147 1539 302 1620 'l'urpiter
315 1538 455 1616 obticuit,
472 1537 600 1600 sublato
609 1539 681 1621 jure
696 1539 841 1602 nocendi.

148 1638 204 1701 Nil
218 1639 414 1700 intentatum
428 1637 526 1698 nostri
541 1637 669 1718 liquere·
674 1649 804 1719 poetae;
968 1624 971 1630 ¹
1058 1639 1119 1702 285

149 1738 218 1799 Nec
233 1737 406 1798 minimum
421 1755 564 1798 meruere
577 1735 684 1815 decus,
701 1737 836 1818 vestigia
851 1738 974 1800 Graeca

74 1853 80 1864 ·
149 1835 230 1897 Ausi
244 1835 394 1913 deserere,
409 1845 443 1896 et
455 1835 612 1898 celebrare
626 1835 802 1898 domestica
816 1835 910 1914 facta,

151 1932 208 1994 Vel
222 1933 279 2013 qui
294 1942 475 2013 praetextas
489 1932 542 1994 vel
556 1932 613 2013 qui
627 1931 764 1995 docuere
779 1942 912 2014 togatas

149 2029 217 2094 Nec
232 2032 348 2093 virtute
364 2031 442 2093 foret
455 2031 614 2111 clarisque
629 2031 789 2112 potentius
804 2031 910 2109 annis,
957 2032 959 2037 ’

148 2131 263 2198 Quam
278 2130 397 2211 lingua,
412 2130 553 2209 Latium,
569 2130 677 2193 sinon
691 2129 863 2193 offenderet
879 2150 994 2193 unum·
1055 2132 1118 2195 290

150 2230 324 2310 Quemque
338 2239 505 2311 poetarum
520 2228 616 2292 limae
631 2230 720 2292 labor
734 2239 765 2293 et
781 2249 877 2293 mora.
926 2229 994 2309 Vos,
1010 2250 1031 2291 o

150 2329 327 2410 Pompilius
342 2328 484 2409 sanguis,
499 2347 631 2391 carmen
645 2328 872 2410 reprehendite,
888 2327 977 2409 quod
990 2348 1053 2391 non

150 2423 255 2490 Multa
268 2426 339 2489 dies
352 2438 384 2489 et
396 2427 501 2490 multa
515 2427 612 2490 litura
624 2427 772 2507 coercuit,
789 2438 886 2508 atque

150 2527 328 2589 Perfectum
343 2526 448 2589 decies
463 2546 529 2589 uon
542 2526 713 2608 castigavit
727 2526 770 2589 ad
785 2544 938 2607 unguem.

151 2625 321 2707 Ingenium
334 2624 451 2687 misera
464 2624 543 2706 quia
556 2623 747 2687 fortunatius
762 2634 851 2697 arte,
1056 2625 1118 2687 295

149 2723 266 2802 Credit,
281 2734 313 2786 et
327 2723 472 2795 excludit
485 2742 581 2785 sanos
595 2722 750 2785 Helicone
766 2731 875 2804 poetas

150 2824 361 2901 Democritus,
376 2824 461 2885 bona
475 2842 549 2905 pars
563 2841 629 2885 non
644 2840 771 2903 ungues
786 2840 901 2903 ponere
915 2834 1017 2900 curat,

151 2921 224 2985 Non
237 2922 379 3001 barbam,
395 2922 516 2985 secreta
529 2921 608 3003 petit
621 2921 701 3001 loca,
716 2919 834 2983 balnea
847 2918 936 2981 vitat.

151 3020 362 3084 Nancisoetur
375 3021 463 3083 enim
476 3021 615 3102 pretium
628 3038 811 3099 nomenque
826 3028 946 3099 poetae,
1027 3035 1029 3039 ’

151 3120 186 3183 Si
201 3119 301 3183 tribus
317 3119 479 3201 Anticyris
493 3128 593 3201 caput
607 3118 786 3182 insanabile
801 3136 972 3199 nunquam
1056 3118 1118 3181 300

152 3218 289 3281 Tonsori
304 3218 417 3281 Licino
430 3218 632 3281 commiserit.
677 3217 706 3281 O
723 3237 781 3299 ego
796 3217 919 3304 laevus,

152 3317 221 3386 Qui
236 3335 354 3399 purgor
367 3317 465 3379 bilem
480 3318 543 3379 sub
555 3317 645 3379 verni
659 3317 808 3398 temporis
823 3316 955 3379 horam!

155 3414 227 3481 Non
241 3415 325 3477 alius
339 3414 457 3477 faceret
471 3415 602 3477 meliora
616 3425 782 3496 poemata3
806 3434 921 3478 verum

155 3513 207 3578 Nil
223 3514 304 3576 tanti
318 3524 374 3576 est.
419 3514 506 3596 Ergo
520 3513 638 3595 fungar
651 3514 723 3576 vice
738 3513 825 3593 cotiS,
841 3522 974 3575 acutum

500 3744 555 3795 294.
572 3744 731 3794 Prassectum.
