2742 4250
456 261 644 314 umnam.
695 265 828 317 om

257 422 389 486 Aurum
402 439 459 504 per
472 419 596 484 medios
609 422 655 486 ire
670 421 824 486 satellites

258 520 306 584 Et
320 538 520 602 perrumpere
535 529 624 584 amat
638 539 729 601 saxa,
744 521 906 603 potentius

257 619 333 682 Ictu
346 618 523 682 fulminco:
544 617 686 682 concidit
700 620 833 702 auguris

387 718 499 800 Argivi
513 716 639 798 domus,
653 719 696 782 ob
710 719 836 783 lucrum

260 916 418 980 Demersa
432 916 550 980 exilior
572 915 691 980 diffidit
704 917 834 981 urbium

261 1016 373 1079 Portas
386 1015 437 1078 vir
451 1015 596 1095 Macedo,
612 1026 644 1078 et
658 1016 784 1080 subruit
797 1017 944 1081 aemulos

260 1115 366 1196 Reges
380 1114 588 1177 muneribus:
611 1133 747 1176 mimera
761 1115 898 1178 navium

299 1272 304 1283 ,
385 1212 508 1276 Saevos
523 1212 701 1294 illaqueant
714 1212 822 1276 duces.

262 1411 467 1474 Croecentenr
481 1410 625 1492 sequitur
638 1429 718 1474 cura
732 1412 905 1492 pecuniam

204 1497 208 1504 ’
262 1508 484 1592 Majorumque
498 1507 610 1572 fames.
653 1509 732 1572 Jure
744 1510 912 1591 perhorrui

262 1607 343 1670 Late
357 1607 570 1688 conspicuum
585 1605 869 1690 tollere'verticom,

388 1705 569 1786 Maecenas,
584 1707 732 1788 equitum
746 1706 855 1770 decus.

262 1919 396 1987 Quanto
410 1917 548 1998 quisque
563 1919 623 1981 sibi
638 1919 733 2000 plura
746 1919 920 2000 negaverit,

261 2017 311 2078 Ab
326 2015 376 2077 dts
390 2015 484 2098 plura
498 2015 595 2080 ieret:
617 2016 664 2079 nil
679 2015 880 2098 cupientium

261 2113 378 2179 Nudus
392 2126 497 2179 castra
512 2126 585 2197 pcto
599 2123 630 2179 et
645 2114 816 2200 transfuga
830 2114 969 2180 divitum

386 2214 498 2277 Partes
512 2215 655 2297 linquere
670 2216 789 2298 gesti03

260 2427 469 2509 Contemptae
484 2426 636 2491 dominus
652 2427 847 2509 splendidior
859 2430 913 2509 rei,

258 2526 372 2595 Quam
387 2526 423 2605 si,
439 2525 598 2607 quidquid
612 2536 682 2591 arat
695 2527 833 2612 impiger
844 2527 1003 2612 Appulus,

259 2622 429 2687 Occultare
444 2624 524 2687 meis
538 2623 664 2689 dicerer
672 2625 802 2705 horreis,

384 2723 523 2805 Magnas
538 2721 620 2787 inter
633 2743 710 2805 opes
724 2724 826 2807 inops

159 2958 162 2965 ·
258 2936 363 2999 Purae
378 2936 468 2999 rivus
482 2954 588 3017 aquae
604 2936 751 3018 silvaque
762 2936 913 3019 jugerum
991 2920 995 2927 ¹

257 3035 449 3115 Paucorum,
464 3044 497 3097 et
510 3028 627 3118 segetis
637 3046 724 3098 carta
739 3034 821 3098 fides
834 3054 937 3110 meae,

258 3134 452 3217 Fulgentem
466 3133 600 3216 imperio
615 3132 726 3197 fertilis
741 3133 868 3198 Africae

384 3233 490 3299 Fallit·
499 3244 580 3297 sorta
594 3234 723 3297 beatior.

136 3474 139 3480 ·
257 3448 461 3530 Quanquam
474 3467 534 3511 nec
549 3447 708 3511 Calabrae
722 3447 820 3510 mella
833 3445 940 3510 ienmt
954 3464 1032 3527 apes

258 3546 326 3612 Nec
340 3546 576 3631 Laestrygonia
590 3548 743 3613 Bacchus
757 3546 792 3610 in
807 3546 959 3629 amphora

491 3746 519 3797 G.
533 3748 582 3797 xri.
594 3746 633 3796 26.
651 3762 700 3794 nou
713 3747 788 3808 piger.

1101 251 1150 323 95
