2742 4250
623 264 822 315 calamum

369 421 523 487 Auditis?
545 440 589 485 an
603 441 655 485 me
671 420 756 485 ludit
770 420 921 484 amabilis

368 520 524 585 Insania?
566 519 689 585 Audire
702 529 735 583 et
748 519 860 592 videor
872 519 942 603 pios
1032 603 1034 606 Ι

410 620 526 683 Errare
540 638 596 701 per
610 616 709 699 lucos,
725 638 881 683 amoenae

452 720 547 789 Quos
562 728 594 781 et
607 737 714 800 aquae
728 718 869 781 subeunt
883 729 915 781 et
930 737 1037 782 arurae.

369 903 423 966 Me
438 901 603 966 fabulosae
619 902 755 965 Vulture
769 902 805 965 in
818 902 934 984 Apulo,

368 1000 497 1065 Altrieis
512 1011 604 1065 extra
619 1000 720 1063 limen
733 1000 882 1084 Apuliae,

410 1098 505 1163 Ludo
519 1098 755 1183 fatigatumque
770 1118 884 1163 somno

454 1198 582 1264 Fronde
597 1218 683 1261 nova
698 1218 836 1281 puerum
850 1199 1020 1283 palumbes

367 1399 504 1477 Texere,
520 1397 639 1461 mirum
653 1398 741 1480 quod
755 1398 835 1462 foret
849 1399 1009 1479 omnibus,

368 1490 567 1579 Quicunque
581 1497 688 1577 celsae
701 1498 819 1563 nidum
832 1498 1045 1588 Acherontiae

408 1598 583 1679 Saltusque
598 1597 755 1661 Bantinos
770 1607 803 1661 et
816 1618 934 1661 arvum

451 1696 576 1781 Pingue
592 1706 702 1760 tenent
715 1697 849 1762 humilis
865 1697 1004 1777 Forenti,

322 1892 327 1901 ’
368 1913 410 1977 Ut
425 1922 495 1976 tuto
509 1912 552 1975 ab
566 1912 643 1975 atris
657 1930 787 1993 corpore
802 1911 918 1994 viperis

365 2012 546 2077 Dormirem
560 2021 592 2075 et
606 2011 697 2090 ursis,
714 2020 751 2074 ut
765 2030 921 2093 premerer
935 2030 1028 2077 sacra

404 2110 579 2194 Lauroque
594 2110 775 2193 collataque
789 2120 903 2195 myrto,

449 2212 523 2276 Non
538 2211 607 2275 sine
621 2210 673 2276 dts
687 2211 854 2274 animosus
869 2209 987 2274 infans.

364 2427 482 2508 Vester,
499 2427 671 2507 Camenae,
688 2436 793 2489 vester
807 2426 842 2488 in
856 2425 975 2488 arduos

362 2526 476 2591 'l'ollor
488 2526 635 2606 Sabinos,
651 2545 710 2588 seu
725 2525 806 2589 mihi
821 2524 975 2608 frigidum

404 2625 576 2690 Praeneste
591 2644 649 2688 seu
664 2624 771 2688 Tibur
788 2625 952 2707 supinum,

446 2727 513 2790 Seu
526 2724 668 2808 liquidae
683 2723 833 2806 placuere
848 2724 957 2788 Baiae.

361 2940 481 3005 Vestris
496 2939 640 3004 amicum
655 2937 798 3001 sontibus
812 2948 845 3000 et
858 2939 964 3001 choris

361 3040 435 3105 Non
451 3059 503 3103 me
518 3039 676 3122 Philippis
690 3057 785 3101 versa
799 3037 884 3100 acies
897 3053 987 3118 retro,

403 3139 531 3204 Devota
545 3156 611 3202 non
625 3136 781 3203 exstinxit
795 3138 897 3218 arbos,

444 3239 512 3302 Nec
528 3235 639 3302 Sicula
654 3236 828 3300 Palinurus
843 3235 943 3300 unda.

361 3454 535 3535 Utcunque
551 3472 680 3516 mecum
695 3472 754 3514 vos
767 3451 862 3533 oritis,
879 3451 982 3516 libens

362 3552 580 3619 insanientem
594 3552 707 3616 navita
721 3552 900 3634 Bosporum

340 3756 364 3806 5.
382 3753 497 3804 Audirisl
515 3753 545 3802 de
556 3770 619 3821 conj.
706 3753 743 3802 10.
761 3751 876 3802 Nutrioin
959 3749 1001 3800 27.
1017 3748 1095 3800 umor.
