2742 4250
460 282 621 333 mnan
671 280 763 331 av.
1048 260 1115 335 187

182 442 293 507 illudo
306 440 437 503 chartis.
480 439 551 502 Hoc
566 448 616 501 est
630 436 845 501 mediocribus
859 435 922 498 illis

180 542 240 604 Ex
254 540 343 603 vitiis
358 558 483 601 unum:
504 537 559 600 cui
573 537 602 600 si
615 534 789 599 concedere
803 534 895 615 nolis,
1060 534 1120 600 110

185 640 296 705 Multa
310 650 480 723 poetarum
493 639 602 700 veniet
615 654 743 715 manus,
759 635 883 697 auxilio
896 654 981 716 quae

182 742 235 809 sit
248 740 350 820 mihi;
372 756 452 801 narn
466 737 570 800 multo
585 736 694 819 plures
709 754 824 797 sumus
838 754 878 796 ao
893 733 993 796 veluti
1010 744 1040 795 te

183 841 204 905 J
205 839 303 903 udaei
317 857 471 920 cogemus
484 836 520 899 in
533 836 620 899 hano
633 834 809 897 concedere
824 832 960 896 turbam.

504 1470 663 1531 SATlRA
690 1470 728 1531 V.

191 1696 371 1777 Egressum
385 1714 507 1776 magna
522 1713 575 1757 me
589 1694 716 1777 excepit
730 1694 837 1756 Aricia
851 1696 956 1759 Roma

144 1794 297 1878 Hospitio
312 1784 456 1874 modico;
479 1793 586 1856 rhetor
599 1813 707 1857 comes
722 1792 921 1874 Heliodorus,

144 1894 345 1957 Graecorum
359 1893 454 1975 longe
469 1892 683 1957 doctissimus.
728 1892 809 1957 Inde
818 1894 939 1957 Forum
945 1894 1039 1977 Appt,

147 1992 324 2056 Differtum
337 1994 455 2073 nautis
470 1994 671 2076 cauponibus
686 2003 784 2075 atquo
798 1994 957 2077 malignis.

146 2093 222 2156 Hoc
236 2093 294 2156 iter
308 2086 419 2176 ignaui
433 2093 613 2174 divisimus,
628 2092 725 2156 altius
741 2112 779 2156 ac
793 2112 853 2158 nos
1105 2096 1123 2158 5

147 2193 345 2256 Praecinctis
360 2211 484 2274 unnm;
507 2193 617 2256 minus
631 2201 680 2255 est
695 2192 803 2276 gravis
816 2193 923 2276 Appia
937 2194 1045 2258 tardis.

145 2291 212 2354 Hic
226 2311 286 2372 ego
299 2301 424 2375 propter
438 2310 571 2373 aquam,
586 2289 673 2372 quod
688 2301 756 2353 erat
770 2291 947 2373 deterrima,
964 2294 1067 2357 ventri

107 2451 111 2458 ,
146 2389 263 2452 lndico
276 2390 409 2470 bellurn,
424 2402 596 2454 coenantes
611 2390 702 2453 haud
717 2390 825 2453 animo
840 2411 943 2476 aequo

147 2489 356 2570 Exspectans
373 2489 515 2552 comites.
559 2489 634 2554 Jam
649 2509 716 2552 nox
731 2489 882 2554 inducere
897 2493 986 2554 terris

145 2587 289 2652 Umbras
303 2598 335 2650 et
349 2587 437 2650 coelo
453 2587 633 2652 diffundere
649 2589 742 2672 signa
757 2591 898 2671 parabat.
1087 2592 1125 2653 10

146 2687 244 2752 Tum
258 2687 348 2769 pueri
363 2687 481 2768 nautis,
497 2689 604 2771 pueris
619 2689 766 2752 convicia
780 2701 901 2753 nautae

147 2786 317 2866 Ingerere:
338 2787 414 2850 Huc
429 2786 573 2869 appelle!
617 2787 795 2851 Trecentos
811 2789 924 2852 inseris
936 2788 943 2852 !
955 2835 981 2852 ..
992 2835 1000 2852 .
1010 2790 1083 2853 Olro

143 2884 225 2948 Jam
240 2885 318 2947 satis
333 2885 399 2948 est!
439 2887 529 2948 Dum
544 2906 599 2948 aes
614 2887 763 2968 exigitur,
775 2886 855 2949 dum
870 2887 961 2950 mula
976 2887 1101 2970 ligatur,

145 2982 238 3046 'I'ota
252 2984 320 3045 abit
334 2984 421 3046 hora.
466 2985 546 3048 Mali
560 2985 681 3048 culices
696 3005 860 3068 ranaeque
874 2984 1031 3068 palustres

148 3082 310 3145 Avertunt
325 3102 464 3163 somnos,
481 3085 646 3147 absentem
663 3095 700 3146 ut
712 3095 823 3148 cantat
837 3085 976 3150 amicam
1087 3087 1122 3150 lt

147 3179 258 3244 Multa
272 3181 419 3264 prolutus
433 3201 540 3265 vappa
555 3194 657 3245 nauta
671 3194 769 3266 atque
783 3185 886 3247 viator

147 3279 315 3342 Certatim.
358 3279 513 3344 Tandem
527 3281 632 3346 fessus
647 3283 783 3346 dormire
798 3285 901 3346 viator

149 3379 275 3460 incipit,
290 3399 329 3441 ac
345 3380 465 3443 missae
480 3392 609 3463 pastum
623 3383 801 3446 retinacula
817 3383 924 3448 mulae

151 3475 262 3540 Nauta
276 3479 366 3562 piger
381 3499 461 3541 saxo
476 3480 589 3564 religat
603 3482 768 3564 stertitque
783 3483 928 3565 supinus.

455 3680 510 3729 141.
526 3683 623 3741 veniat;
639 3681 782 3742 auxilioque.

186 3754 238 3806 ΕΛ
263 3759 284 3806 l.
302 3761 404 3818 accepit.
470 3761 494 3808 3.
512 3760 616 3819 linguae.
684 3761 707 3810 6.
726 3759 814 3810 Nirrns.
881 3762 904 3810 7.
922 3761 1054 3811 teterrimo.
