2742 4250
459 271 571 322 nunu
594 271 620 322 1.
670 271 701 323 0.
727 272 793 323 VII.

238 429 306 494 Nos
320 428 480 508 convivia,
495 448 555 492 nos
569 429 690 512 proelia
703 429 877 514 virginum,

237 528 340 592 Sectis
355 528 390 591 in
399 529 538 612 juvenes
551 529 720 612 unguibus
733 530 867 610 acrium,

170 655 175 670 =
238 627 419 694 Cantemus
434 627 539 708 vacui,
555 629 624 691 sive
638 627 718 712 quid
732 629 866 713 urimur,

280 727 355 791 Non
370 737 492 810 praeter
507 727 638 792 solitum
653 728 750 792 leves.

474 1331 655 1394 CARMEN
689 1331 766 1394 VIL

212 1545 215 1550 ’
311 1531 368 1574 ΔΙ)
402 1531 658 1575 MUNATIUM
691 1531 928 1576 PLANCUH·

115 1704 309 1771 laudabunt
326 1708 382 1771 alii
395 1709 519 1772 claram
533 1709 680 1790 Rhodon,
696 1719 755 1774 aut
769 1665 959 1793 Mitylenen

153 1809 220 1871 Aut
234 1807 398 1891 Epheson,
413 1809 587 1871 bimarisve
602 1809 749 1872 Corinthi
831 1882 833 1886 ,

114 1905 249 1983 Moenia,
265 1907 318 1970 vel
333 1908 462 1970 Baccho
477 1907 613 1971 Thebas
627 1907 681 1970 vel
696 1907 844 1991 Apolline
859 1907 1004 1991 Delphos
1072 1926 1074 1931 ’

139 2005 309 2088 ·Insignes,
326 2016 384 2068 aut
397 2006 561 2070 Thessala
575 2006 711 2088 Tempe.

112 2104 195 2169 Sunt
208 2104 329 2188 quibus
344 2125 448 2169 unum
462 2125 543 2188 opus
558 2115 615 2186 est,
632 2106 771 2170 intactae
786 2105 930 2170 Palladis
945 2106 1058 2170 urbem
1113 2121 1133 2183 5

150 2206 303 2269 Carmine
318 2216 470 2288 perpetuo
483 2206 651 2286 celebrare,
667 2216 700 2269 et

38 2306 40 2315 '
113 2304 262 2387 Undique
277 2304 460 2387 decerptam
474 2304 570 2369 fronti
585 2325 778 2389 praeponere
793 2307 923 2371 olivam.

149 2405 324 2484 Plurimus,
341 2405 374 2468 in
388 2406 408 2471 J
410 2406 527 2468 unonis
542 2405 705 2486 honorem,

113 2505 233 2587 Aptum
248 2503 333 2567 dicet
346 2505 438 2587 equis
453 2506 557 2587 Argos
572 2504 719 2587 ditesque
734 2506 901 2589 Mycenas.

149 2604 204 2667 Me
220 2622 280 2665 nec
295 2613 363 2666 tam
378 2604 504 2685 potiens
518 2603 754 2684 Lacedaemon,
1094 2606 1134 2669 10

114 2702 176 2766 Nec
192 2712 260 2766 tam
275 2702 425 2766 Larissae
439 2704 596 2785 percussit
610 2722 748 2785 campus
762 2705 897 2787 opimae,

149 2805 266 2874 Quam
279 2801 396 2865 domus
410 2803 578 2867 Albuneae
593 2803 781 2884 resonantis,

115 2901 151 2965 Et
166 2922 318 2985 praeceps
334 2902 419 2964 Anio
434 2922 473 2964 ac
487 2902 628 2967 'l'ibumi
643 2902 747 2982 lucus,
763 2912 794 2965 et
809 2900 876 2964 uda

149 3001 326 3066 Mobilibus
341 3002 485 3084 pomaria
499 3002 585 3065 rivis.

118 3100 212 3166 Albus
228 3112 264 3165 ut
279 3102 414 3164 obscuro
428 3101 568 3183 deterget
583 3101 696 3164 nubila
710 3100 799 3163 coelo

149 3203 255 3284 Saepe
270 3200 383 3281 Notus,
399 3200 505 3283 neque
519 3202 653 3283 parturit
667 3201 785 3265 imbres

118 3298 292 3383 Perpetuos,
308 3300 354 3363 sic
369 3310 405 3363 tu
421 3307 548 3383 sapiens
564 3299 655 3363 linire
671 3311 834 3363 memento

150 3400 333 3465 'Pristitianr
348 3401 499 3483 vitaeque
514 3400 638 3463 labores

120 3592 141 3647 ὓ.
151 3601 188 3651 rii.
199 3600 225 3649 2.
245 3562 379 3661 uptaurns
459 3601 481 3649 5.
500 3614 584 3659 arcem
600 3615 690 3649 arcem.
769 3600 820 3649 bet
832 3600 855 3649 7.
873 3598 1120 3661 contunderetur

207 3680 231 3733 7.
249 3680 376 3743 decerptae
388 3680 476 3738 frondi,
488 3680 517 3729 de
528 3681 591 3745 conj.
675 3682 699 3730 9.
717 3680 784 3731 dicit.
863 3681 901 3729 15.
919 3679 1029 3743 detergit.

533 3762 570 3813 17.
589 3760 716 3823 Perpetuo.
