2742 4250
489 254 598 304 LIBER
623 255 647 304 1.
697 255 724 304 Β.
751 254 774 304 L

115 411 301 478 Reticulrun
315 412 409 495 panis
423 412 555 474 venales
570 412 651 474 inter
665 422 782 474 onusto

114 513 207 577 Forte
222 514 329 575 vehas
344 513 487 590 humero,
504 512 607 574 nihilo
621 512 696 594 plus
711 511 851 593 accipias
866 531 966 593 quam

113 613 182 682 Qui
197 612 245 674 nil
261 612 400 694 portarit.
446 611 505 673 Vel
520 610 580 690 die,
597 610 676 692 quid
693 609 806 672 reserat
821 611 904 672 intra

113 710 256 774 Naturae
272 711 355 772 fines
370 710 501 790 viventi,
512 712 628 793 jugera
642 722 775 776 centum
790 729 833 771 an
1092 711 1134 774 50

112 811 202 873 Mille
217 824 287 872 aret
295 811 397 872 t-At
411 828 513 872 suave
527 820 577 871 est
591 828 633 870 ex
648 829 768 890 magno
784 810 892 872 tollere
908 829 1077 872 acervo.-

113 909 204 972 Dum
218 929 262 971 ex
278 928 378 990 parvo
393 908 485 971 nobis
500 907 693 971 tantundem
708 909 837 971 haurire
852 909 1027 990 relinquas,

111 1009 181 1072 Cur
196 1021 255 1071 tna
270 1009 345 1092 plus
360 1007 476 1070 laudes
489 1009 630 1070 cumeris
644 1011 794 1091 granaria
809 1011 949 1073 nostris?

114 1107 164 1186 Ut,
182 1108 241 1170 tibi
257 1109 285 1168 si
300 1108 342 1168 sit
355 1127 437 1189 opus
452 1106 566 1188 liquidi
581 1127 646 1168 non
662 1108 804 1190 amplius
820 1128 902 1171 urna

113 1208 170 1270 Vel
186 1208 317 1291 cyatho,
332 1218 365 1269 et
379 1207 488 1270 dieas:
511 1226 631 1289 magno
646 1206 687 1268 de
702 1207 838 1271 flumine
854 1209 987 1272 mallem
1093 1214 1133 1274 55

112 1310 229 1378 Quam
244 1328 286 1369 ex
302 1309 364 1369 hoc
379 1306 534 1369 fonticulo
549 1306 744 1369 tantundem
759 1326 894 1371 sumere.
940 1309 990 1372 Eo
1006 1311 1051 1391 lit,

112 1407 243 1469 Plenior
257 1418 292 1470 ut
309 1408 337 1468 si
351 1427 434 1488 quos
448 1406 584 1470 delectet
598 1406 693 1488 eopia
705 1408 802 1490 juste,

112 1509 201 1570 Cum
217 1509 287 1591 ripa
301 1508 400 1570 simul
415 1508 548 1570 avulsos
562 1506 644 1569 ferat
658 1507 800 1570 Aufidus
816 1528 897 1571 acer.

111 1609 229 1690 Atqui
244 1608 361 1670 tantuli
376 1617 456 1689 eget,
472 1616 595 1689 quanto
609 1616 659 1668 est
672 1626 764 1688 opus,
780 1607 808 1671 is
823 1627 929 1689 neque
944 1609 1021 1672 limo

112 1708 300 1772 Turbatam
308 1708 418 1769 haurit
426 1726 563 1788 aquam;
577 1726 683 1788 neque
692 1708 795 1769 vitam
804 1709 922 1770 amittit
931 1709 964 1770 in
974 1709 1078 1772 undis.
1094 1710 1134 1772 bt

113 1809 156 1872 At
173 1808 257 1870 bona
272 1825 345 1888 pars
360 1806 540 1884 bominum,
556 1805 690 1889 decepta
705 1806 857 1888 cupidine
872 1807 962 1889 falso,

112 1907 167 1970 Nil
183 1907 263 1968 satis
279 1917 335 1985 est,
351 1906 477 1987 iuquit;
500 1905 578 1986 quia
593 1906 683 1985 tanti,
700 1916 862 1987 quantum
878 1907 1007 1987 habeas,
1024 1909 1121 1970 sis.—

112 2006 206 2077 Quid
222 2006 324 2068 facias
339 2006 411 2068 illi?
455 2005 474 2069 J
478 2006 578 2068 nbeas
592 2005 749 2068 miserum
764 2025 842 2084 esse,
859 2005 995 2069 libenter
1096 2038 1099 2044 ¹

112 2109 289 2179 Quatenus
304 2104 337 2169 id
352 2104 448 2168 facit:
472 2116 509 2168 ut
523 2104 658 2187 quidam
673 2097 869 2168 memoratur
883 2107 1022 2170 Athenis

112 2206 270 2271 Sordidus
285 2226 324 2268 ac
339 2206 439 2285 diveS,
454 2207 565 2287 populi
579 2216 785 2268 contemnere
802 2225 898 2269 voees
1095 2208 1135 2270 65

112 2307 167 2370 Sic
181 2306 315 2368 solitus:
337 2305 478 2386 populus
492 2324 545 2367 me
559 2304 685 2385 sibilat;
709 2314 744 2367 at
758 2306 838 2368 mihi
854 2305 975 2387 plaudo
998 2326 1001 2332 ·

111 2407 185 2488 Ipse
200 2404 298 2484 domi,
315 2404 414 2466 simul
429 2424 468 2465 ac
483 2423 636 2466 nummos
651 2403 850 2486 contemplor
865 2406 898 2467 in
914 2425 997 2467 area.

111 2505 279 2568 Tantalus
296 2526 316 2566 a
332 2503 429 2566 labris
443 2504 555 2565 sitiens
570 2503 728 2585 fugientia
743 2514 852 2585 captat

112 2605 300 2668 Flumina..
315 2652 322 2665 .
335 2602 429 2672 Quid
444 2602 552 2665 rides?
596 2603 723 2665 Mutato
738 2603 867 2665 nomine
882 2602 922 2666 de
937 2615 967 2665 te

112 2702 245 2768 Fabula
260 2713 424 2765 narratur:
447 2703 606 2784 congestis
623 2702 766 2783 undique
782 2703 884 2764 saccis
1093 2703 1135 2768 to

112 2801 274 2866 Indormis
290 2801 428 2880 inhians,
444 2813 475 2865 et
490 2811 650 2882 tanquam
665 2820 795 2883 parcere
811 2801 909 2863 sacris

111 2902 255 2986 Cogeris
271 2912 328 2963 ant
342 2901 436 2982 pictis
452 2911 609 2982 tanquam
625 2900 766 2983 gaudere
783 2900 916 2964 tabellis

112 3002 237 3081 NeseiS,
252 3019 318 3082 quo
333 3000 442 3063 valeat
456 3000 636 3062 nummus?
657 3020 757 3081 quern
773 3001 922 3081 praebeat
940 3002 1060 3064 usuinl

114 3103 213 3166 Panis
228 3111 364 3179 ematur,
379 3100 459 3179 olus
475 3100 543 3162 vini
558 3101 727 3180 sextarius
743 3100 835 3179 adde,

113 3204 201 3272 Quis
216 3201 365 3262 humana
380 3199 440 3261 sibi
455 3199 562 3261 doleat
576 3210 693 3262 natura
708 3201 841 3282 negatis
1093 3200 1135 3264 75

116 3305 165 3364 An
181 3299 316 3381 vigilare
332 3308 422 3361 metu
436 3299 630 3377 exanimem,
646 3308 820 3380 noctesque
835 3300 969 3381 diesque

118 3398 304 3464 Fornridare
319 3398 422 3459 malos
438 3397 532 3477 surae,
548 3398 706 3477 incendia,
723 3419 838 3477 servm,

117 3498 163 3563 Ne
180 3511 210 3561 le
225 3498 399 3581 compilant
414 3496 581 3580 fugientes,
597 3499 657 3560 hoe
668 3499 788 3582 juvatl
832 3498 957 3562 Horum

138 3669 175 3718 θ.
194 3666 309 3718 conferat.
377 3668 417 3717 50.
434 3667 658 3732 niventiadecrnj.
725 3669 756 3716 55
781 3667 864 3716 malim
939 3668 978 3717 57.
998 3666 1109 3718 delectat

402 3750 443 3798 59.
459 3747 561 3797 tantulo.
630 3751 668 3800 77.
688 3748 773 3805 malos,
785 3746 855 3797 sures.
