<?xml version="1.0" encoding="UTF-8"?>
<!DOCTYPE html PUBLIC "-//W3C//DTD XHTML 1.0 Transitional//EN"
    "http://www.w3.org/TR/xhtml1/DTD/xhtml1-transitional.dtd">
<html xmlns="http://www.w3.org/1999/xhtml" xml:lang="en" lang="en">
 <head>
  <title>
</title>
<meta http-equiv="Content-Type" content="text/html;charset=utf-8" />
  <meta name='ocr-system' content='tesseract 3.04.00' />
  <meta name='ocr-capabilities' content='ocr_page ocr_carea ocr_par ocr_line ocrx_word'/>
</head>
<body>
  <div class='ocr_page' id='page_1' title='image "./workshoracewith01lincgoog_0072.png"; bbox 0 0 2742 4250; ppageno 0'>
   <div class='ocr_carea' id='block_1_1' title="bbox 592 227 791 278">
    <p class='ocr_par' dir='ltr' id='par_1_1' title="bbox 592 227 791 278">
     <span class='ocr_line' id='line_1_1' title="bbox 592 227 791 278; baseline 0 0"><span class='ocrx_word' id='word_1_1' title='bbox 592 227 791 278; x_wconf 77' lang='lat' dir='ltr'>OARMINUM</span> 
     </span>
    </p>
   </div>
   <div class='ocr_carea' id='block_1_2' title="bbox 378 383 970 567">
    <p class='ocr_par' dir='ltr' id='par_1_2' title="bbox 378 383 970 567">
     <span class='ocr_line' id='line_1_2' title="bbox 378 383 970 468; baseline 0.002 -21"><span class='ocrx_word' id='word_1_2' title='bbox 378 383 574 448; x_wconf 71' lang='lat' dir='ltr'>&#39;ferminum</span> <span class='ocrx_word' id='word_1_3' title='bbox 589 383 674 447; x_wconf 84' lang='lat' dir='ltr'>curis</span> <span class='ocrx_word' id='word_1_4' title='bbox 690 402 790 467; x_wconf 85' lang='lat' dir='ltr'>vagor</span> <span class='ocrx_word' id='word_1_5' title='bbox 803 383 970 468; x_wconf 75' lang='lat' dir='ltr'>expeditis,</span> 
     </span>
     <span class='ocr_line' id='line_1_3' title="bbox 432 483 755 567; baseline -0.006 -17"><span class='ocrx_word' id='word_1_6' title='bbox 432 543 436 550; x_wconf 90' lang='lat'>.</span> <span class='ocrx_word' id='word_1_7' title='bbox 464 483 564 567; x_wconf 81' lang='lat' dir='ltr'><strong>Fugit</strong></span> <span class='ocrx_word' id='word_1_8' title='bbox 578 483 755 548; x_wconf 85' lang='lat' dir='ltr'><strong>inermem:</strong></span> 
     </span>
    </p>
   </div>
   <div class='ocr_carea' id='block_1_3' title="bbox 379 679 1205 1041">
    <p class='ocr_par' dir='ltr' id='par_1_3' title="bbox 379 679 974 763">
     <span class='ocr_line' id='line_1_4' title="bbox 379 679 974 763; baseline 0.002 -20"><span class='ocrx_word' id='word_1_9' title='bbox 379 679 490 752; x_wconf 76' lang='lat' dir='ltr'>Quale</span> <span class='ocrx_word' id='word_1_10' title='bbox 499 689 689 763; x_wconf 71' lang='lat' dir='ltr'>portentum</span> <span class='ocrx_word' id='word_1_11' title='bbox 704 699 811 763; x_wconf 87' lang='lat' dir='ltr'>neque</span> <span class='ocrx_word' id='word_1_12' title='bbox 826 680 974 744; x_wconf 80' lang='lat' dir='ltr'>militaria</span> 
     </span>
    </p>

    <p class='ocr_par' dir='ltr' id='par_1_4' title="bbox 381 778 887 860">
     <span class='ocr_line' id='line_1_5' title="bbox 381 778 887 860; baseline 0 -18"><span class='ocrx_word' id='word_1_13' title='bbox 381 779 531 842; x_wconf 81' lang='lat' dir='ltr'>Daunias</span> <span class='ocrx_word' id='word_1_14' title='bbox 545 778 619 842; x_wconf 87' lang='lat' dir='ltr'>latis</span> <span class='ocrx_word' id='word_1_15' title='bbox 634 779 692 842; x_wconf 87' lang='lat' dir='ltr'>alit</span> <span class='ocrx_word' id='word_1_16' title='bbox 705 779 887 860; x_wconf 83' lang='lat' dir='ltr'>aesculetis,</span> 
     </span>
    </p>

    <p class='ocr_par' dir='ltr' id='par_1_5' title="bbox 381 877 1205 1041">
     <span class='ocr_line' id='line_1_6' title="bbox 381 877 1205 961; baseline 0.001 -19"><span class='ocrx_word' id='word_1_17' title='bbox 381 878 451 943; x_wconf 86' lang='lat' dir='ltr'>Nee</span> <span class='ocrx_word' id='word_1_18' title='bbox 465 878 569 942; x_wconf 84' lang='lat' dir='ltr'>Jubne</span> <span class='ocrx_word' id='word_1_19' title='bbox 585 877 680 941; x_wconf 89' lang='lat' dir='ltr'>tellus</span> <span class='ocrx_word' id='word_1_20' title='bbox 695 887 833 961; x_wconf 85' lang='lat' dir='ltr'>generat,</span> <span class='ocrx_word' id='word_1_21' title='bbox 849 878 981 942; x_wconf 89' lang='lat' dir='ltr'>leonum</span> <span class='ocrx_word' id='word_1_22' title='bbox 1170 884 1205 943; x_wconf 80' lang='grc' dir='ltr'>Ιῦ</span> 
     </span>
     <span class='ocr_line' id='line_1_7' title="bbox 466 976 701 1041; baseline 0 -1"><span class='ocrx_word' id='word_1_23' title='bbox 466 976 565 1041; x_wconf 87' lang='lat' dir='ltr'>Arida</span> <span class='ocrx_word' id='word_1_24' title='bbox 580 977 701 1040; x_wconf 88' lang='lat' dir='ltr'>nutrix.</span> 
     </span>
    </p>
   </div>
   <div class='ocr_carea' id='block_1_4' title="bbox 354 1175 1237 1556">
    <p class='ocr_par' dir='ltr' id='par_1_6' title="bbox 381 1175 979 1259">
     <span class='ocr_line' id='line_1_8' title="bbox 381 1175 979 1259; baseline 0 -19"><span class='ocrx_word' id='word_1_25' title='bbox 381 1177 470 1240; x_wconf 86' lang='lat' dir='ltr'>Pone</span> <span class='ocrx_word' id='word_1_26' title='bbox 484 1195 546 1256; x_wconf 87' lang='lat' dir='ltr'>me,</span> <span class='ocrx_word' id='word_1_27' title='bbox 561 1175 660 1259; x_wconf 86' lang='lat' dir='ltr'>pigris</span> <span class='ocrx_word' id='word_1_28' title='bbox 678 1175 732 1239; x_wconf 89' lang='lat' dir='ltr'>ubi</span> <span class='ocrx_word' id='word_1_29' title='bbox 746 1175 839 1238; x_wconf 88' lang='lat' dir='ltr'>nulla</span> <span class='ocrx_word' id='word_1_30' title='bbox 853 1175 979 1258; x_wconf 80' lang='lat' dir='ltr'>campie</span> 
     </span>
    </p>

    <p class='ocr_par' dir='ltr' id='par_1_7' title="bbox 379 1276 900 1355">
     <span class='ocr_line' id='line_1_9' title="bbox 379 1276 900 1355; baseline -0.006 -15"><span class='ocrx_word' id='word_1_31' title='bbox 379 1276 482 1340; x_wconf 84' lang='lat' dir='ltr'><strong>Arbor</strong></span> <span class='ocrx_word' id='word_1_32' title='bbox 495 1276 620 1338; x_wconf 86' lang='lat' dir='ltr'>aestiva</span> <span class='ocrx_word' id='word_1_33' title='bbox 635 1284 797 1338; x_wconf 80' lang='lat' dir='ltr'>recreatur</span> <span class='ocrx_word' id='word_1_34' title='bbox 810 1293 900 1355; x_wconf 84' lang='lat' dir='ltr'>aura,</span> 
     </span>
    </p>

    <p class='ocr_par' dir='ltr' id='par_1_8' title="bbox 354 1372 1237 1556">
     <span class='ocr_line' id='line_1_10' title="bbox 381 1372 1055 1458; baseline -0.001 -20"><span class='ocrx_word' id='word_1_35' title='bbox 381 1373 483 1445; x_wconf 79' lang='lat' dir='ltr'>Quod</span> <span class='ocrx_word' id='word_1_36' title='bbox 497 1373 583 1437; x_wconf 89' lang='lat' dir='ltr'>latus</span> <span class='ocrx_word' id='word_1_37' title='bbox 598 1373 714 1436; x_wconf 90' lang='lat' dir='ltr'>mundi</span> <span class='ocrx_word' id='word_1_38' title='bbox 729 1372 868 1437; x_wconf 84' lang='lat' dir='ltr'>nebulae</span> <span class='ocrx_word' id='word_1_39' title='bbox 881 1374 1055 1458; x_wconf 85' lang='lat' dir='ltr'>malusque</span> 
     </span>
     <span class='ocr_line' id='line_1_11' title="bbox 354 1469 1237 1556; baseline 0.002 -21"><span class='ocrx_word' id='word_1_40' title='bbox 354 1469 358 1478; x_wconf 78' lang='grc'><strong>“</strong></span> <span class='ocrx_word' id='word_1_41' title='bbox 464 1472 588 1555; x_wconf 82' lang='lat' dir='ltr'>Jupiter</span> <span class='ocrx_word' id='word_1_42' title='bbox 601 1482 714 1556; x_wconf 80' lang='lat' dir='ltr'>ruget3</span> <span class='ocrx_word' id='word_1_43' title='bbox 1164 1474 1207 1537; x_wconf 76' lang='lat' dir='ltr'>2ss</span> <span class='ocrx_word' id='word_1_44' title='bbox 1232 1550 1237 1556; x_wconf 25' lang='grc' dir='ltr'>ι</span> 
     </span>
    </p>
   </div>
   <div class='ocr_carea' id='block_1_5' title="bbox 378 1670 996 2055">
    <p class='ocr_par' dir='ltr' id='par_1_9' title="bbox 381 1670 996 1754">
     <span class='ocr_line' id='line_1_12' title="bbox 381 1670 996 1754; baseline 0.003 -21"><span class='ocrx_word' id='word_1_45' title='bbox 381 1671 469 1734; x_wconf 91' lang='lat' dir='ltr'>Pone</span> <span class='ocrx_word' id='word_1_46' title='bbox 485 1671 546 1734; x_wconf 90' lang='lat' dir='ltr'>sub</span> <span class='ocrx_word' id='word_1_47' title='bbox 561 1690 656 1734; x_wconf 85' lang='lat' dir='ltr'>curru</span> <span class='ocrx_word' id='word_1_48' title='bbox 672 1670 812 1734; x_wconf 90' lang='lat' dir='ltr'>nimium</span> <span class='ocrx_word' id='word_1_49' title='bbox 825 1670 996 1754; x_wconf 90' lang='lat' dir='ltr'>propinqui</span> 
     </span>
    </p>

    <p class='ocr_par' dir='ltr' id='par_1_10' title="bbox 378 1769 937 1854">
     <span class='ocr_line' id='line_1_13' title="bbox 378 1769 937 1854; baseline 0 -19"><span class='ocrx_word' id='word_1_50' title='bbox 378 1770 473 1851; x_wconf 81' lang='lat' dir='ltr'>Solis,</span> <span class='ocrx_word' id='word_1_51' title='bbox 488 1770 523 1834; x_wconf 94' lang='lat' dir='ltr'>in</span> <span class='ocrx_word' id='word_1_52' title='bbox 538 1780 620 1834; x_wconf 85' lang='lat' dir='ltr'>terra</span> <span class='ocrx_word' id='word_1_53' title='bbox 634 1769 785 1834; x_wconf 87' lang='lat' dir='ltr'>domibus</span> <span class='ocrx_word' id='word_1_54' title='bbox 798 1780 937 1854; x_wconf 87' lang='lat' dir='ltr'>negata:</span> 
     </span>
    </p>

    <p class='ocr_par' dir='ltr' id='par_1_11' title="bbox 382 1869 961 2055">
     <span class='ocr_line' id='line_1_14' title="bbox 382 1869 961 1958; baseline -0.002 -24"><span class='ocrx_word' id='word_1_55' title='bbox 382 1869 488 1934; x_wconf 85' lang='lat' dir='ltr'>Dulce</span> <span class='ocrx_word' id='word_1_56' title='bbox 503 1869 660 1934; x_wconf 88' lang='lat' dir='ltr'>ridentem</span> <span class='ocrx_word' id='word_1_57' title='bbox 673 1869 821 1958; x_wconf 82' lang='lat' dir='ltr'>Lalagen</span> <span class='ocrx_word' id='word_1_58' title='bbox 836 1871 961 1947; x_wconf 85' lang='lat' dir='ltr'>amabo,</span> 
     </span>
     <span class='ocr_line' id='line_1_15' title="bbox 464 1968 779 2055; baseline -0.006 -21"><span class='ocrx_word' id='word_1_59' title='bbox 464 1970 570 2034; x_wconf 83' lang='lat' dir='ltr'>Dulce</span> <span class='ocrx_word' id='word_1_60' title='bbox 584 1968 779 2055; x_wconf 87' lang='lat' dir='ltr'>loquentem.</span> 
     </span>
    </p>
   </div>
   <div class='ocr_carea' id='block_1_6' title="bbox 527 2554 865 2623">
    <p class='ocr_par' dir='ltr' id='par_1_12' title="bbox 527 2554 865 2623">
     <span class='ocr_line' id='line_1_16' title="bbox 527 2554 865 2623; baseline -0.027 0"><span class='ocrx_word' id='word_1_61' title='bbox 527 2555 709 2623; x_wconf 78' lang='lat' dir='ltr'>GARMEN</span> <span class='ocrx_word' id='word_1_62' title='bbox 739 2554 865 2615; x_wconf 87' lang='lat' dir='ltr'>XXIII.</span> 
     </span>
    </p>
   </div>
   <div class='ocr_carea' id='block_1_7' title="bbox 561 2740 832 2783">
    <p class='ocr_par' dir='ltr' id='par_1_13' title="bbox 561 2740 832 2783">
     <span class='ocr_line' id='line_1_17' title="bbox 561 2740 832 2783; baseline 0 -2"><span class='ocrx_word' id='word_1_63' title='bbox 561 2740 614 2783; x_wconf 81' lang='lat' dir='ltr'>AD</span> <span class='ocrx_word' id='word_1_64' title='bbox 646 2740 832 2783; x_wconf 82' lang='lat' dir='ltr'>CHLOEN.</span> 
     </span>
    </p>
   </div>
   <div class='ocr_carea' id='block_1_8' title="bbox 376 2916 1003 3301">
    <p class='ocr_par' dir='ltr' id='par_1_14' title="bbox 376 2916 1003 3301">
     <span class='ocr_line' id='line_1_18' title="bbox 382 2916 975 2999; baseline -0.002 -18"><span class='ocrx_word' id='word_1_65' title='bbox 382 2917 468 2981; x_wconf 77' lang='lat' dir='ltr'>ritas</span> <span class='ocrx_word' id='word_1_66' title='bbox 482 2916 639 2981; x_wconf 85' lang='lat' dir='ltr'>himruleo</span> <span class='ocrx_word' id='word_1_67' title='bbox 653 2938 707 2981; x_wconf 88' lang='lat' dir='ltr'>me</span> <span class='ocrx_word' id='word_1_68' title='bbox 722 2917 775 2981; x_wconf 88' lang='lat' dir='ltr'>sin</span> <span class='ocrx_word' id='word_1_69' title='bbox 787 2917 846 2999; x_wconf 73' lang='lat' dir='ltr'>ilis,</span> <span class='ocrx_word' id='word_1_70' title='bbox 863 2918 975 2998; x_wconf 83' lang='lat' dir='ltr'>Chloe,</span> 
     </span>
     <span class='ocr_line' id='line_1_19' title="bbox 376 3017 1003 3102; baseline -0.002 -21"><span class='ocrx_word' id='word_1_71' title='bbox 376 3018 557 3088; x_wconf 78' lang='lat' dir='ltr'>Quaerenti</span> <span class='ocrx_word' id='word_1_72' title='bbox 571 3017 726 3102; x_wconf 88' lang='lat' dir='ltr'>pavidam</span> <span class='ocrx_word' id='word_1_73' title='bbox 740 3018 905 3082; x_wconf 88' lang='lat' dir='ltr'>montibus</span> <span class='ocrx_word' id='word_1_74' title='bbox 920 3017 1003 3081; x_wconf 82' lang='lat' dir='ltr'>avila</span> 
     </span>
     <span class='ocr_line' id='line_1_20' title="bbox 420 3116 835 3197; baseline 0 -18"><span class='ocrx_word' id='word_1_75' title='bbox 420 3117 567 3197; x_wconf 89' lang='lat' dir='ltr'>Matrem,</span> <span class='ocrx_word' id='word_1_76' title='bbox 583 3136 650 3180; x_wconf 91' lang='lat' dir='ltr'>non</span> <span class='ocrx_word' id='word_1_77' title='bbox 664 3116 734 3180; x_wconf 89' lang='lat' dir='ltr'>sine</span> <span class='ocrx_word' id='word_1_78' title='bbox 749 3136 835 3179; x_wconf 87' lang='lat' dir='ltr'>vano</span> 
     </span>
     <span class='ocr_line' id='line_1_21' title="bbox 461 3215 901 3301; baseline 0 -22"><span class='ocrx_word' id='word_1_79' title='bbox 461 3215 625 3279; x_wconf 82' lang='lat' dir='ltr'>Aurarurn</span> <span class='ocrx_word' id='word_1_80' title='bbox 639 3224 671 3301; x_wconf 84' lang='lat' dir='ltr'>et</span> <span class='ocrx_word' id='word_1_81' title='bbox 686 3215 788 3279; x_wconf 83' lang='lat' dir='ltr'>silr&#39;rae</span> <span class='ocrx_word' id='word_1_82' title='bbox 802 3224 901 3279; x_wconf 85' lang='lat' dir='ltr'>metu.</span> 
     </span>
    </p>
   </div>
   <div class='ocr_carea' id='block_1_9' title="bbox 377 3411 1203 3595">
    <p class='ocr_par' dir='ltr' id='par_1_15' title="bbox 377 3411 1203 3595">
     <span class='ocr_line' id='line_1_22' title="bbox 377 3411 1203 3479; baseline -0.004 -1"><span class='ocrx_word' id='word_1_83' title='bbox 377 3412 464 3479; x_wconf 87' lang='lat' dir='ltr'>Nam</span> <span class='ocrx_word' id='word_1_84' title='bbox 478 3432 538 3476; x_wconf 86' lang='lat' dir='ltr'>seu</span> <span class='ocrx_word' id='word_1_85' title='bbox 551 3413 724 3477; x_wconf 90' lang='lat' dir='ltr'>mobilibus</span> <span class='ocrx_word' id='word_1_86' title='bbox 738 3414 821 3477; x_wconf 86' lang='lat' dir='ltr'>veris</span> <span class='ocrx_word' id='word_1_87' title='bbox 836 3411 993 3477; x_wconf 83' lang='lat' dir='ltr'>inhorruit</span> <span class='ocrx_word' id='word_1_88' title='bbox 1182 3411 1203 3475; x_wconf 75' lang='grc' dir='ltr'><strong><em>ὃ</em></strong></span> 
     </span>
     <span class='ocr_line' id='line_1_23' title="bbox 377 3511 999 3595; baseline 0.002 -19"><span class='ocrx_word' id='word_1_89' title='bbox 377 3512 549 3577; x_wconf 79' lang='lat' dir='ltr'>Adventus</span> <span class='ocrx_word' id='word_1_90' title='bbox 563 3511 657 3595; x_wconf 86' lang='lat' dir='ltr'>soliis,</span> <span class='ocrx_word' id='word_1_91' title='bbox 673 3533 733 3578; x_wconf 89' lang='lat' dir='ltr'>seu</span> <span class='ocrx_word' id='word_1_92' title='bbox 746 3513 866 3577; x_wconf 78' lang='lat' dir='ltr'>virides</span> <span class='ocrx_word' id='word_1_93' title='bbox 880 3514 999 3577; x_wconf 88' lang='lat' dir='ltr'>rubum</span> 
     </span>
    </p>
   </div>
   <div class='ocr_carea' id='block_1_10' title="bbox 331 3713 1064 3777">
    <p class='ocr_par' dir='ltr' id='par_1_16' title="bbox 331 3713 1064 3777">
     <span class='ocr_line' id='line_1_24' title="bbox 331 3713 1064 3777; baseline 0.003 -15"><span class='ocrx_word' id='word_1_94' title='bbox 331 3714 356 3763; x_wconf 91' lang='lat' dir='ltr'>ll</span> <span class='ocrx_word' id='word_1_95' title='bbox 383 3714 521 3777; x_wconf 65' lang='lat' dir='ltr'>expeditur.¹</span> <span class='ocrx_word' id='word_1_96' title='bbox 614 3716 644 3767; x_wconf 85' lang='lat' dir='ltr'>G.</span> <span class='ocrx_word' id='word_1_97' title='bbox 656 3717 723 3770; x_wconf 80' lang='lat' dir='ltr'>xxiii,</span> <span class='ocrx_word' id='word_1_98' title='bbox 735 3717 757 3766; x_wconf 81' lang='lat'>5.</span> <span class='ocrx_word' id='word_1_99' title='bbox 776 3717 849 3777; x_wconf 62' lang='lat' dir='ltr'>vitiu</span> <span class='ocrx_word' id='word_1_100' title='bbox 864 3716 952 3775; x_wconf 77' lang='lat' dir='ltr'>vepria,</span> <span class='ocrx_word' id='word_1_101' title='bbox 963 3713 993 3763; x_wconf 85' lang='lat' dir='ltr'>de</span> <span class='ocrx_word' id='word_1_102' title='bbox 1004 3717 1064 3777; x_wconf 72' lang='lat' dir='ltr'>eonj.</span> 
     </span>
    </p>
   </div>
   <div class='ocr_carea' id='block_1_11' title="bbox 0 0 1385 4250">
    <p class='ocr_par' dir='ltr' id='par_1_17' title="bbox 0 0 1385 4250">
     <span class='ocr_line' id='line_1_25' title="bbox 0 0 1385 4250; baseline 0 0"><span class='ocrx_word' id='word_1_103' title='bbox 0 0 1385 4250; x_wconf 95' lang='lat' dir='ltr'> </span> 
     </span>
    </p>
   </div>
  </div>
 </body>
</html>
