2742 4250
497 575 711 638 EPISTOLA
742 574 786 635 11.

395 794 451 836 An
480 793 655 837 JULIUM
686 791 890 834 uoltum.

215 975 319 1054 Flore,
337 973 419 1036 bono
433 972 583 1054 claroque
599 969 704 1034 fidelis
719 969 822 1034 amice
837 967 966 1048 Neroni,

172 1075 209 1140 Si
223 1074 297 1156 quis
312 1072 391 1136 forte
406 1071 484 1135 velit
498 1090 635 1155 puemm
650 1070 708 1134 tibi
722 1068 861 1132 vendere
874 1079 991 1132 natum

171 1175 298 1238 Tibure
313 1172 366 1235 vel
381 1171 500 1252 Gabiis,
516 1181 548 1234 et
562 1182 671 1233 tecum
686 1169 733 1232 sie
748 1178 824 1251 agat
837 1167 960 1247 :-Hie,
975 1177 1007 1229 et

171 1271 344 1336 Candidus
359 1281 390 1334 et
406 1271 487 1334 talos
503 1292 523 1333 a
538 1270 655 1333 verlice
670 1268 805 1352 pulcher
819 1267 862 1330 ad
876 1267 967 1347 imoS,

171 1375 247 1437 Fiet
261 1373 384 1454 eritque
399 1383 475 1433 tuus
490 1389 700 1433 nummorum
713 1369 857 1433 millibus
872 1378 951 1446 octo,
1129 1361 1150 1425 5

171 1474 281 1535 Verna
296 1471 479 1548 ministeriis
493 1469 536 1532 ad
551 1481 648 1533 natus
663 1480 759 1552 aptus
773 1468 897 1548 heriles,

172 1570 339 1636 Litterulis
353 1570 485 1634 Graecis
500 1570 653 1643 imbutus,
669 1570 805 1633 idoneus
819 1570 880 1633 arti

172 1674 315 1737 Cuilibet
327 1694 334 1754 ς
358 1671 472 1754 argilla
486 1669 616 1753 quidvis
631 1670 809 1734 imitabitur
823 1671 904 1752 uda3

172 1774 267 1843 Quin
283 1773 381 1834 etiem
394 1783 489 1834 canet
504 1770 680 1850 indoctum,
697 1770 753 1832 sed
768 1769 864 1832 dulce
879 1771 1008 1834 bibenti.

172 1872 282 1935 Multa
296 1870 395 1934 fidem
410 1871 567 1952 promissa
581 1870 701 1949 levant,
717 1870 773 1932 ubi
787 1869 915 1952 plenius
929 1889 1034 1951 aequo
1112 1869 1151 1932 10

172 1970 306 2034 Laudat
321 1970 461 2050 venaleS,
478 1970 534 2051 qui
549 1970 621 2033 vult
636 1968 815 2049 extrudere,
831 1988 960 2032 meroes.

173 2073 239 2137 Res
255 2080 347 2154 urget
362 2090 414 2134 me
429 2070 540 2135 nulla:
563 2089 636 2133 meo
651 2089 724 2133 sum
741 2089 863 2153 pauper
877 2068 912 2133 in
926 2087 1008 2133 aere.

12 2160 14 2167 ’
116 2208 133 2221 -
175 2174 281 2237 Nemo
297 2173 359 2235 hoe
373 2190 574 2254 mangonum
590 2169 709 2233 laceret
724 2170 799 2251 tibi;
822 2189 887 2232 non
904 2179 1020 2232 temere
1035 2190 1055 2231 a
1072 2188 1122 2231 me

173 2272 298 2343 Quivis
313 2271 405 2334 senet
420 2270 514 2334 idem.
559 2270 666 2335 Semel
681 2270 736 2333 hie
750 2270 898 2350 cessavit,
913 2282 954 2350 et,
970 2280 1006 2333 ut
1021 2269 1064 2350 fit,

174 2374 213 2435 ln
230 2372 327 2435 scalis
342 2372 443 2451 latuit,
460 2382 607 2434 metuens
622 2370 792 2453 pendentis
807 2370 954 2434 habenae
964 2392 1016 2433 :—
1111 2372 1151 2433 lb

175 2476 243 2537 Des
258 2492 419 2551 nummos,
435 2480 570 2553 excepta
585 2471 666 2533 nihil
682 2481 713 2533 te
728 2472 755 2533 si
770 2469 849 2553 suga
863 2470 989 2553 laedat,
1027 2539 1031 2545 ,

175 2574 236 2637 llle
251 2572 331 2635 ferat
345 2571 483 2655 pretium
497 2590 619 2653 poenae
634 2583 776 2651 securuS,
792 2571 911 2653 opinor.

175 2672 324 2737 Prudens
338 2662 443 2734 emisti
459 2670 629 2752 vitiosun1;
653 2668 741 2733 dicta
755 2671 812 2733 tibi
826 2680 875 2733 est
889 2670 961 2733 lex:

176 2772 360 2853 lrrsequeris
376 2781 484 2832 tamen
501 2769 588 2831 hunc
604 2780 635 2831 et
651 2769 706 2832 lite
721 2770 854 2832 moraris
869 2766 1005 2851 iniqua?

178 2871 257 2935 Dixi
272 2890 324 2932 me
339 2870 466 2952 pigrum
481 2861 694 2951 proficiscenti
709 2869 774 2948 tibi,
791 2867 859 2930 dixi
1045 2908 1048 2913 -
1110 2867 1155 2931 20

178 2971 319 3034 Talibus
334 2968 447 3031 officiis
462 2988 557 3050 prope
572 2982 736 3047 maneum,
753 2988 794 3029 ne
809 2987 881 3029 mea
896 2970 1014 3030 saevus

178 3071 198 3135 J
200 3089 331 3151 urgeres
346 3067 388 3130 ad
403 3079 433 3129 te
448 3066 535 3149 quod
550 3066 685 3149 epistola
699 3067 792 3129 nulla
807 3066 928 3129 rediret.

179 3167 273 3239 Quid
288 3179 358 3230 tum
373 3165 499 3249 profeci,
515 3186 645 3228 meeum
659 3165 810 3230 facientia
821 3168 895 3250 jura

180 3269 215 3331 Si
231 3280 340 3329 tamen
356 3264 517 3328 attentas?
561 3266 715 3337 Quereris
731 3285 826 3348 super
842 3267 902 3328 hoe
917 3265 1024 3345 etiam,
1039 3264 1126 3349 quod

182 3368 380 3448 Exspectata
395 3365 452 3426 tibi
467 3384 532 3427 non
547 3364 674 3427 mittam
688 3366 832 3427 earmina
848 3365 1000 3429 mendax.
1114 3365 1154 3429 2⁴5

184 3464 301 3528 Lucilli
315 3464 407 3527 miles
421 3463 556 3527 collecte
570 3464 689 3527 viatica
705 3465 815 3527 multis

188 3566 363 3645 lernmnis,
379 3564 485 3627 lassus
500 3564 579 3629 dum
595 3576 692 3627 noetu
708 3566 816 3646 stertit,
832 3565 874 3628 ad
889 3585 996 3628 assem

529 3763 558 3814 E.
571 3766 587 3814 ii
606 3764 646 3815 22.
664 3768 764 3815 veniret.
