2742 4250
436 289 594 342 lunum
645 293 766 344 &XII-

219 446 350 526 Belluis,
366 466 426 510 nec
441 457 481 527 te,
497 449 669 511 metuende
684 461 780 526 certa,

301 546 439 626 Phoebe,
456 547 581 629 sagitta.

218 745 335 807 Dicam
349 753 382 806 et
396 742 541 824 Alciden,
557 763 739 826 puerosque
752 744 870 827 Ledae,

217 843 315 906 Hunc
330 843 431 924 equis,
447 841 542 906 illum
556 862 706 925 superare
720 845 840 926 pugnis

216 940 383 1022 Nobilcm3
407 959 547 1023 quorum
561 941 659 1004 simul
674 940 751 1005 albe
764 944 875 1006 nautis

204 1058 206 1062 ·
300 1040 402 1104 Stella
417 1039 550 1121 refulsit,

218 1235 341 1300 Defluit
356 1237 445 1299 saxis
461 1237 602 1319 agitatus
616 1238 743 1318 humor,

216 1335 401 1398 Concidunt
415 1336 512 1415 venti,
528 1334 725 1418 fugiuntque
739 1337 852 1417 nubes,

216 1434 257 1496 Et
273 1433 518 1516 minax-quod
534 1435 580 1497 sic
595 1433 864 1518 voluere-ponto

299 1533 394 1597 Unda
411 1535 577 1597 recumbit.

216 1730 393 1794 Romulum
408 1741 481 1814 post
494 1731 554 1794 hos
568 1731 665 1813 prius,
681 1751 725 1794 an
739 1733 886 1814 quietum

216 1829 353 1911 Pompili
367 1849 503 1911 regnum
516 1849 699 1909 memorem,
714 1849 758 1892 an
773 1831 924 1913 superbos

217 1928 377 2009 'I'arquint
395 1927 506 2007 fasces,
522 1927 641 2009 dubito,
658 1947 702 1990 an
717 1929 849 1992 Catonis

247 2089 249 2094 ,
299 2025 413 2090 Nobile
427 2026 537 2089 letum.

216 2210 388 2291 Regulum,
403 2219 436 2271 et
450 2210 596 2290 Scauros,
612 2211 804 2293 animaeque
820 2230 959 2293 magnae

216 2308 390 2390 Prodigum
405 2308 567 2388 Paullum,
584 2318 754 2391 superante
769 2310 884 2390 Poeno,

215 2409 334 2471 Gratus
348 2407 467 2489 insigni
481 2406 616 2469 reseram
631 2408 786 2489 Camena,

299 2507 559 2588 Fabriciumque.

215 2706 322 2785 Hunc,
338 2714 369 2767 ct
383 2706 554 2789 incomptis
570 2706 706 2791 Curium
721 2705 846 2789 capillis

215 2804 336 2868 Utilem
350 2804 434 2869 bello
448 2806 530 2887 tulit,
545 2816 578 2869 et
593 2805 771 2870 Camillum
815 2791 819 2801 ⁵

214 2904 322 2972 Saeva
336 2900 507 2993 paupertas
522 2915 554 2967 et
569 2906 677 2969 avitus
692 2917 767 2988 apto

271 3019 276 3036 ’
298 3003 385 3066 Cum
399 2998 464 3066 lare
479 3003 610 3089 fundus.

214 3201 345 3281 Crescit,
361 3201 488 3264 occulto
502 3202 591 3265 velut
606 3204 698 3281 arbor
712 3223 802 3282 aevo,

217 3302 321 3364 Fama
335 3300 499 3383 Marcelli:
522 3302 620 3364 micat
634 3303 716 3365 inter
730 3302 842 3365 omnes

214 3399 339 3466 Julium
354 3400 453 3480 sidus,
469 3400 559 3463 velut
572 3402 654 3463 inter
669 3402 759 3484 ignes

296 3499 394 3563 Luna
409 3500 556 3565 minores.

325 3682 366 3731 ³1.
384 3698 503 3744 qnmnc;
520 3685 769 3746 quesic3na1nsi03
786 3684 864 3733 diste

231 3762 270 3812 ³5.
288 3778 352 3812 anne
364 3761 441 3821 Curti,
452 3764 533 3813 Bentl.
795 3767 836 3813 41.
854 3765 964 3814 intonsis·
