2742 4250
451 250 562 299 LIBER
586 250 636 301 1v.
688 248 718 300 0.
743 251 785 299 XI

493 536 673 599 GARMEN
704 536 742 597 X

413 722 472 763 AD
509 721 819 765 LIGURINUM.

103 948 106 957 ,
125 906 128 915 ’
188 886 218 949 0
234 883 374 947 crudelis
388 883 498 947 adhuc
513 894 545 947 et
560 885 692 947 Veneris
707 886 896 948 muneribus
910 895 1031 969 potens,

147 977 313 1066 Insperata
328 993 403 1046 tuae
418 1003 496 1046 cum
509 984 617 1046 veniet
630 984 744 1066 pluma
758 985 933 1067 superbiae,

149 1078 199 1165 Et,
215 1104 300 1167 qnae
315 1104 403 1146 nunc
418 1083 561 1145 humeris
577 1083 756 1163 involitant,
773 1083 950 1148 deciderint
965 1105 1086 1165 comae,

147 1180 243 1247 Nunc
258 1193 290 1245 et
304 1184 361 1265 qui
375 1182 461 1245 color
475 1193 524 1244 est
538 1183 695 1265 puniceae
711 1182 788 1246 flore
803 1185 887 1266 prior
902 1204 1001 1265 rosae,

148 1282 294 1346 Mutatus
309 1283 504 1366 Ligurinum
518 1283 552 1345 in
567 1281 683 1345 faciem
698 1284 827 1346 verterit
841 1283 1011 1367 hispidam,
1100 1285 1121 1346 t

148 1382 252 1463 Dices,
268 1384 353 1446 heu!
376 1382 502 1465 quoties
518 1391 548 1444 te
565 1382 696 1465 speculo
711 1382 830 1447 videris
845 1384 1000 1447 alterum:

146 1482 243 1551 Quae
257 1502 350 1545 mens
364 1492 412 1544 est
427 1481 531 1561 hodie,
546 1502 605 1545 cur
619 1482 734 1545 eadem
748 1501 814 1547 non
829 1504 927 1566 puero
941 1483 1028 1547 luit?

151 1581 204 1645 Vel
219 1602 276 1645 cur
289 1582 342 1646 his
355 1582 473 1645 animis
488 1582 665 1645 incolumes
681 1602 747 1645 non
761 1583 896 1647 redeunt
910 1583 1036 1666 genacl

553 1869 669 1882 ⁸——

479 2097 658 2160 OARMEN
686 2097 742 2158 XL

401 2283 458 2324 AD
497 2283 816 2325 PHYLLIDEM.

290 2445 351 2508 Est
365 2444 446 2506 mihi
461 2464 586 2507 nonum
600 2445 780 2528 superantis
795 2460 920 2508 annum

288 2544 410 2607 Plenus
425 2544 544 2608 Albani
559 2544 679 2626 cadus;
703 2545 800 2608 estin
816 2545 917 2622 horto,

288 2644 406 2726 Phylli,
423 2643 589 2706 nectendis
604 2645 716 2726 apium
731 2645 875 2725 coronis;

297 2779 304 2794 ·
373 2745 434 2808 Est
447 2743 585 2807 hederae
600 2745 649 2806 vis

289 2942 403 3023 Multa,
419 2963 486 3024 qna
500 2944 603 3006 crines
620 2943 753 3025 religata
768 2942 894 3025 fulges3
1093 2945 1115 3008 ὕ

289 3042 384 3106 Ridet
400 3052 532 3125 argento
546 3042 680 3124 domne,
705 3064 761 3105 ara
776 3044 872 3105 castis

288 3141 404 3205 Vincta
419 3141 566 3204 verbenis
581 3153 656 3204 avet
671 3141 836 3205 immolato

370 3241 520 3322 Snargier
534 3260 618 3322 agno
630 3263 637 3321 3

288 3439 415 3501 Cuncta
430 3435 559 3502 festinat
573 3459 700 3519 manus,
716 3440 781 3502 huc
796 3451 828 3502 et
843 3440 919 3503 illuc

288 3535 454 3602 cursitant
468 3539 590 3602 mixtae
605 3541 712 3622 pueris
727 3539 873 3623 puellae3
1075 3541 1113 3601 10

229 3739 283 3788 (Lx
305 3741 319 3788 5
347 3739 463 3852 Mgtetus,
476 3740 628 3802 Ligurine-.
763 3741 785 3789 6.
804 3751 826 3788 te
839 3740 862 3787 in
875 3739 979 3802 speculo.
