2742 4250
262 272 330 346 134
597 289 601 293 ·
658 292 857 343 esuumuu
928 286 938 329 ³

382 452 567 515 Immunem
581 451 717 514 meditor
732 452 852 533 tingere
867 449 999 533 poculis,

465 551 567 614 Plena
580 550 672 615 dives
688 551 772 615 utin
787 549 891 612 dome.

381 752 501 815 Verum
516 767 599 833 pone
614 769 721 813 moras
736 760 768 813 et
783 748 932 815 studium
945 747 1045 829 lucri;

379 851 616 935 Nigrorumque
630 869 760 930 memor,
775 848 856 912 dum
871 849 953 927 licet,
969 847 1103 930 ignium
1215 860 1217 865 ·

380 950 482 1015 Misce
496 950 666 1014 stultitiam
680 948 822 1013 consiliis
837 948 976 1012 brevem.
1003 988 1005 991 -

464 1049 569 1141 Dulce
583 1060 631 1111 est
646 1049 788 1135 desipere
803 1048 837 1111 in
852 1048 929 1110 loce.

611 1609 793 1672 GARMEN
820 1609 914 1669 XIII.

642 1811 690 1854 ru
722 1784 892 1853 puceu.

391 1990 573 2070 'Audivere
589 1989 688 2072 Lyce,
703 1988 738 2052 dr
753 2008 827 2051 mea
842 1994 934 2069 'vota3
948 1986 982 2049 dr
1014 1984 1016 1989 ’
1066 2010 1067 2013 “
1149 1986 1152 1991 “

406 2089 574 2170 Audivere,
589 2090 698 2173 Lycet
721 2088 761 2153 fis
776 2108 870 2168 anus,
886 2098 918 2151 et
933 2086 1041 2150 'temen

445 2191 502 2254 Vis
517 2190 779 2270 formosarum,
1052 2201 1053 2204 ’

488 2289 655 2372 Ludisque
670 2299 703 2352 et
717 2289 799 2352 bibis
814 2289 996 2370 impudens,

408 2490 448 2551 Et
462 2500 562 2554 centu
577 2489 715 2553 tremulo
724 2499 804 2571 'pota
819 2485 1013 2571 Cupidinem

406 2591 545 2653 Lentum
560 2589 723 2652 sollicitas.
767 2589 826 2652 Ille
840 2589 972 2651 virentis
986 2596 1018 2648 et
1074 2591 1078 2597 '

446 2691 569 2754 Doctae
583 2690 719 2772 psallere
734 2690 837 2752 Chiae

488 2789 637 2853 Pulchris
651 2789 791 2852 excubat
806 2788 839 2851 in
855 2788 954 2869 genis,
983 2785 986 2791 ’

404 2991 610 3072 Importunus
625 2989 713 3052 enim
728 2987 906 3050 transvolat
920 2985 1027 3048 aridas

402 3090 564 3169 Quercus²
579 3098 612 3151 et
625 3087 743 3170 refugit
757 3097 797 3167 te,
812 3085 890 3169 quia
905 3084 1001 3149 luridi
1096 3082 1098 3087 ’

446 3189 569 3251 Dentes
582 3198 622 3267 te,
637 3188 716 3269 quia
730 3207 828 3269 rugae
1083 3185 1085 3189 ’

487 3287 638 3368 Turpant
652 3296 684 3348 et
699 3287 812 3368 capitis
827 3287 928 3349 nives.

404 3485 472 3550 Nec
488 3486 574 3549 Coae
589 3485 729 3550 referunt
738 3487 808 3571 jam
823 3486 879 3549 tibi
895 3483 1056 3568 purpurae

404 3585 473 3650 Nec
488 3584 565 3648 clari
581 3584 705 3668 lapides
720 3595 871 3668 tempora,
887 3605 972 3667 quae
987 3580 1085 3648 semel

655 3786 745 3837 cxiii.
761 3790 798 3836 14.
816 3789 873 3835 cari.
897 3787 902 3794 '
