2742 4250
488 266 599 316 urana
623 265 662 317 11.
712 266 746 316 rc
771 266 796 316 1.
1077 252 1148 323 281

172 424 303 491 Fabula
317 425 345 487 si
360 423 514 504 dubitem,
529 423 671 488 clament
685 424 816 507 periisse
830 425 985 508 pudorem
1106 429 1149 494 80

170 525 293 590 Cuncti
308 544 411 608 paene
426 533 549 606 patres,
558 544 597 587 ea
611 544 689 588 cum
703 525 932 607 reprehendere
947 546 1050 607 coner,

170 628 272 696 Quae
287 624 395 707 gravis
409 623 565 706 Aesopus,
581 643 666 705 quae
681 623 797 687 doctus
811 625 949 688 Roscius
963 627 1047 708 egit:

173 724 235 790 Vel
249 724 327 806 quia
342 723 388 786 nil
403 732 535 803 rectum,
551 723 613 786 nisi
628 722 716 805 quod
730 722 852 806 placuit
867 725 937 805 sibi,
953 725 1087 806 ducunt,

175 824 235 888 Vel
250 823 328 906 quia
341 835 433 905 turpe
447 832 564 905 putent
577 841 686 905 parere
702 823 888 904 minoribus,
903 834 943 904 et,
958 845 1043 906 quae

173 924 339 988 imberbes
355 922 502 1003 didicere,
517 942 611 986 senes
625 923 789 1006 perdenda
803 922 904 987 t’ateri.
1111 925 1151 988 Se

172 1024 252 1090 Jam
266 1022 389 1088 Saliare
404 1022 534 1088 Numae
548 1042 678 1086 carmen
693 1023 751 1104 qui
766 1022 887 1103 laudat,
903 1034 935 1087 et
948 1023 1039 1103 illud,

172 1122 277 1194 Quod
291 1141 422 1186 mecum
436 1122 569 1205 ignorat,
586 1122 674 1186 solus
690 1122 762 1186 vult
776 1122 857 1186 scire
870 1122 981 1204 videri,

174 1222 319 1307 Ingeniis
333 1241 399 1286 non
413 1221 467 1284 ille
483 1220 570 1285 favet
584 1220 774 1303 plauditque
788 1221 931 1304 sepultis,

177 1324 295 1388 Nostra
310 1321 368 1385 sed
382 1322 561 1404 impugnat,
577 1339 636 1386 nos
650 1332 823 1403 nostraque
839 1321 958 1386 lividus
972 1321 1048 1384 odit

175 1422 279 1493 Quod
294 1422 321 1484 si
337 1431 405 1484 tam
419 1421 550 1502 Graecis
565 1421 693 1484 novitas
708 1422 951 1504 invisafuissct,
1112 1422 1154 1486 90

174 1524 293 1592 Quam
308 1521 408 1602 nobis,
424 1520 503 1603 quid
518 1540 607 1584 nunc
621 1532 706 1585 esset
719 1532 823 1602 vetus,
834 1532 893 1586 aut
906 1522 985 1605 quid
999 1523 1139 1604 baberet,

174 1621 280 1691 Quod
295 1620 413 1702 legeret
427 1631 602 1703 tereretque
617 1620 736 1685 viritim
750 1622 900 1704 publicus
916 1623 1019 1686 ususl

176 1722 223 1786 Ut
237 1721 378 1803 primunr
393 1719 503 1802 positis
519 1721 636 1803 nugari
651 1721 787 1784 Graecia
801 1722 893 1785 bellis

175 1820 301 1902 Coepit,
317 1819 397 1882 etin
412 1819 527 1883 vitium
542 1818 670 1884 fortuna
685 1820 787 1884 labier
799 1841 913 1903 aequa,

177 1921 209 1986 N
212 1940 276 1983 unc
291 1919 488 1983 athletarum
503 1920 627 2000 studiis,
643 1940 733 1984 nunc
747 1921 825 1984 arsit
839 1940 1004 2002 equorum,
1112 1921 1154 1984 et

177 2019 349 2084 Marmoris
364 2029 422 2082 aut
436 2020 538 2082 eboris
553 2019 659 2083 fabros
674 2031 732 2084 aut
747 2019 829 2084 aeris
844 2020 976 2100 amavit,

177 2118 355 2204 Suspendit
369 2119 456 2202 picta
471 2119 600 2183 vultum
614 2132 821 2202 mentemque
835 2119 963 2200 tabella,

177 2220 276 2285 Nunc
291 2220 484 2301 tibicinibus,
500 2240 588 2283 nunc
603 2230 652 2285 est
666 2221 781 2303 gavisa
795 2219 973 2303 tragoedis3

177 2320 249 2384 Sub
264 2319 388 2383 nutrice
403 2320 512 2402 puella
526 2320 617 2385 velut
632 2321 660 2383 si
674 2319 798 2385 luderet
811 2319 929 2401 infans,

179 2419 281 2489 Quod
297 2417 413 2502 cupide
428 2420 525 2502 petiit,
541 2430 667 2483 mature
681 2419 777 2503 plena
791 2419 927 2503 reliquit
1094 2418 1155 2481 100

178 2518 273 2588 Quid
288 2518 394 2601 placet
408 2528 466 2581 aut
479 2517 553 2582 odio
567 2528 624 2599 est,
639 2519 729 2601 quod
742 2540 810 2583 non
824 2518 980 2583 mutabile
994 2515 1131 2581 credas?

179 2617 251 2681 Hoc
266 2636 363 2699 paces
378 2618 520 2682 habuere
534 2618 638 2683 bonae
654 2618 806 2701 ventique
821 2616 965 2681 secundi.

178 2718 304 2783 Rornae
319 2716 413 2781 dulce
428 2716 486 2781 diu
501 2715 563 2781 fuit
576 2727 609 2781 et
623 2718 788 2799 sollemne,
803 2718 929 2781 reclusa

180 2816 280 2880 Mane
295 2816 392 2879 domo
406 2816 548 2900 vigilare,
563 2818 672 2881 clienti
686 2837 829 2902 promere
838 2818 931 2901 jura:

180 2917 302 2979 Cauros
318 2916 504 2980 nominibus
518 2917 611 2981 rectis
626 2915 807 3001 expendere
822 2934 982 2996 nummos,
1094 2916 1156 2979 105

181 3016 318 3101 Majores
333 3016 455 3097 audire,
471 3016 587 3080 minori
601 3016 714 3097 dicere,
730 3036 786 3100 per
799 3036 883 3098 quae

180 3118 330 3180 Crescere
346 3137 395 3180 res
410 3128 525 3201 posset,
541 3117 646 3182 minui
661 3117 821 3181 damnosa
834 3116 966 3200 libido„

182 3216 324 3283 Mutavit
338 3228 480 3281 mentem
494 3216 634 3302 populus
648 3217 738 3297 levis,
753 3227 786 3281 et
799 3216 884 3282 calet
897 3236 965 3281 uno

181 3317 348 3381 Scribendi
363 3317 488 3400 studio;
511 3317 666 3400 puerique
680 3328 851 3400 patresque
864 3316 968 3381 severi

183 3416 309 3481 Fronde
323 3437 434 3481 comas
448 3418 549 3481 vincti
562 3427 701 3481 coenant
713 3426 746 3481 et
759 3416 905 3481 carmina
918 3416 1051 3479 dictant.
1098 3417 1157 3479 litt

183 3515 254 3600 lpse
269 3537 338 3600 ego,
353 3517 413 3600 qui
424 3516 532 3581 nullos
546 3536 599 3584 me
614 3516 740 3581 affirmo
753 3517 888 3581 scribere
903 3534 1026 3597 versus,

440 3748 480 3800 92.
500 3749 627 3808 Quiritum.
704 3749 758 3799 105.
776 3750 853 3798 certia
