2742 4250
235 249 304 320 232
634 263 847 314 sannarum

234 423 372 501 Dixeris,
388 421 546 503 Experiar
556 407 644 501 3-s'i
660 421 718 499 vis,
733 429 831 502 potes,
847 418 938 481 addit
951 429 983 481 et
997 419 1105 482 instat.

233 521 397 604 Septimus
411 530 526 582 octavo
540 518 664 601 propior
675 521 745 602 jain
759 516 876 600 fugerit
891 537 1009 596 annus,
1213 516 1271 581 40
1362 537 1363 570 1

234 620 289 686 Ex
303 639 369 702 quo
384 620 558 682 Maecenas
572 638 624 680 me
638 619 742 700 coepit
756 619 873 682 habere
888 635 1021 678 suorum

234 722 274 784 ln
288 738 441 800 numer03
464 718 638 781 dumtaxat
653 717 696 780 ad
709 718 782 796 hoc,
795 737 893 798 quem
909 714 1016 779 toliere
1031 717 1131 778 rheda

234 819 338 883 Vellet
352 819 411 882 iter
425 817 556 897 faciens,
571 828 603 882 et
616 817 671 880 cui
685 816 874 879 concredere
889 835 995 898 nugas
1362 885 1363 892 χ

235 920 305 982 Ηοο
321 938 438 1000 genus:
455 917 545 980 Hora
555 926 654 998 quota
663 917 732 979 esti
763 915 877 979 Threx
886 927 936 979 est
943 915 1074 978 Gallina
1082 916 1166 997 Syro
1177 914 1271 997 par?
1362 975 1363 978 ,

237 1017 401 1080 Matutina
415 1035 532 1098 parum
546 1025 658 1078 cautos
668 1016 739 1100 jam
753 1015 871 1097 frigora
884 1013 1048 1096 mordent,
1218 1014 1271 1076 45
1362 1057 1363 1084 1

236 1115 282 1178 Et
296 1135 381 1197 quae
396 1116 514 1178 rimosa
528 1115 610 1178 bene
624 1114 832 1197 deponuntur
845 1113 879 1176 in
894 1133 982 1176 aure.
1362 1113 1363 1122 ’

238 1217 298 1280 Per
313 1225 416 1277 totum
431 1215 493 1280 hoc
508 1225 636 1296 tempus
651 1215 821 1298 subjectior
835 1213 870 1276 in
883 1213 973 1275 diem
985 1223 1018 1275 et
1032 1212 1145 1274 horam
1192 1259 1198 1267 .

237 1314 403 1378 Invidiae:
425 1324 532 1377 noster
547 1313 640 1378 ludos
655 1323 854 1396 spectaverat
870 1333 948 1395 una,

238 1414 375 1478 Luserat
389 1414 423 1477 iu
438 1433 571 1495 campo:
595 1414 758 1476 Fortunae
773 1412 880 1475 filius!
902 1430 1024 1474 omnes.

239 1513 391 1595 Frigidus
405 1533 426 1574 a
442 1513 564 1576 Rostris
579 1524 692 1576 manat
706 1533 763 1594 per
775 1512 916 1595 compita
929 1531 1055 1574 rumor:

239 1613 439 1694 Quicunque
453 1612 569 1676 obvius
583 1622 641 1693 est,
656 1632 709 1675 me
723 1611 864 1674 cousubt
873 1617 891 1673 τ’
905 1611 936 1674 Ο
950 1611 1041 1691 bone,
1056 1630 1137 1672 nam
1152 1623 1182 1671 tc

239 1713 336 1792 Scire,
352 1711 428 1774 deos
443 1711 599 1793 quoniam
612 1712 743 1794 propius
756 1712 926 1799 contingis,
941 1722 1081 1795 oportet;

240 1813 329 1876 Num
343 1811 423 1894 quid
437 1811 477 1874 de
492 1810 593 1874 Dacis
607 1811 728 1874 audisti
737 1811 851 1875 t-Nil
864 1811 1117 1893 equidem—Ut
1131 1821 1167 1872 tu

240 1913 373 1994 Semper
387 1911 449 1974 eris
463 1910 583 1974 derisor
593 1911 690 1973 l-At
703 1931 816 1974 omnes
830 1909 866 1972 dr
879 1911 1044 1992 exagitent
1058 1930 1119 1990 me,
1223 1944 1230 1952 =

240 2011 275 2074 Si
289 2009 639 2093 quidquam-Quid?
661 2010 819 2074 militibus
832 2011 990 2093 promissa
1003 2009 1176 2092 Triquetra
1215 2012 1262 2073 55

241 2110 377 2174 Praedia
392 2111 521 2191 Caesar,
537 2131 581 2175 an
595 2120 644 2174 est
658 2110 744 2174 Itala
757 2110 870 2174 tellure
885 2109 1089 2174 daturus?-

228 2200 410 2273 'Jurantem
425 2229 478 2272 me
493 2210 573 2273 scira
587 2210 678 2291 nihil,
694 2210 862 2288 mirantur,
878 2220 915 2271 ut
930 2229 1035 2272 unum

241 2308 371 2372 Scilicet
385 2308 504 2391 egregii
519 2309 686 2373 mortalem
702 2309 825 2392 altique
839 2310 955 2372 silenti
1060 2332 1064 2338 ⁴

242 2406 389 2469 Perditur
402 2407 483 2470 haec
498 2407 580 2471 inter
594 2408 711 2471 misero
725 2408 794 2488 lux,
810 2428 876 2471 non
890 2409 961 2470 sine
975 2408 1076 2472 rotis:

242 2506 271 2569 Ο
287 2506 361 2567 rus!
384 2506 516 2587 quando
530 2527 590 2589 ego
605 2517 635 2570 te
650 2507 838 2589 adspiciam,
853 2507 1048 2589 quandoque
1073 2507 1187 2585 licebit,
1218 2510 1262 2570 dd

242 2604 338 2667 Nunc
353 2614 499 2668 veterum
515 2604 611 2686 libris,
626 2625 716 2669 nunc
728 2626 845 2669 somno
857 2616 891 2668 et
904 2606 1059 2669 inertibus
1073 2605 1161 2668 horis

242 2703 368 2765 Ducere
383 2702 545 2767 sollicitae
549 2704 697 2787 jucunda
710 2704 832 2769 oblivia
844 2704 955 2768 vitae?

242 2802 271 2865 Ο
287 2801 419 2884 quando
434 2802 509 2865 faba
524 2804 728 2885 Pythagorae
741 2815 881 2886 cognata
896 2804 1058 2885 simulque

242 2901 349 2965 Uncta
364 2902 442 2965 satis
456 2902 569 2985 pingui
584 2914 745 2985 ponentur
758 2903 907 2967 oluscula
921 2903 1035 2966 lardol
1093 2959 1095 2962 .
1362 2984 1363 2989 ἵ

242 3002 271 3065 Ο
287 3011 396 3064 noctes
411 3021 595 3083 coenaeque
609 3002 727 3067 derim!
750 3004 869 3084 quibus
883 3004 952 3085 ipse
966 3002 1094 3084 meique
1214 3006 1255 3069 dt
1362 2996 1363 3053 ]

241 3101 326 3163 Ante
342 3100 441 3163 larem
457 3102 618 3184 proprium
636 3122 754 3182 vescor,
770 3122 951 3183 vernasque
966 3120 1116 3185 procaces

242 3201 345 3262 Pasco
359 3200 466 3263 libatis
480 3201 640 3281 dapibus?
685 3204 785 3267 Pmut
797 3202 915 3283 cuique
930 3201 1030 3265 libido
1044 3211 1100 3281 cst,

243 3300 350 3363 Siccat
364 3298 551 3380 inaequales
566 3300 684 3363 calices
698 3302 838 3365 conviva
853 3302 980 3364 solutus

245 3398 384 3480 Legibus
399 3398 530 3478 insanis,
547 3418 606 3461 seu
620 3400 695 3483 quis
709 3401 796 3483 capit
809 3402 897 3463 acria
911 3400 1000 3463 fortis

289 3639 330 3689 ⁴⁴.
348 3638 440 3690 'ibrum
506 3644 546 3693 48.
567 3643 676 3694 Invidiae
688 3654 777 3695 noster.
811 3645 904 3703 Ludos,
917 3645 1042 3701 Orellr'm
1059 3647 1205 3705 spectaverit

550 3727 592 3775 49.
611 3725 714 3776 Luserit.
781 3727 822 3777 ⁵⁷.
839 3728 946 3776 miratur.
