2742 4250
267 246 339 317 256
650 263 903 314 EPISTOLARUM

266 421 310 484 Et
324 420 418 500 ludis,
434 431 465 483 et
479 431 551 504 post
564 421 673 484 decisa
688 422 816 504 negotia
832 422 1007 503 Campo.-

264 521 379 584 Scitari
394 520 471 584 libet
484 541 527 583 ex
542 522 611 603 ipso
626 520 844 603 quodcunque
860 519 974 584 refers:
997 520 1050 584 dic

266 619 316 681 Ad
330 639 466 682 coenam
480 620 717 683 veniat—Nou
733 640 811 682 sane
826 619 954 682 credere
970 620 1077 699 Mena,

267 719 375 782 Mirari
390 738 502 781 secum
517 719 644 780 tacitus.
689 717 783 789 Quid
797 718 926 782 multat
970 719 1126 800 Benigne,

265 817 610 900 Respondet—Negat
624 817 677 880 ille
692 817 773 879 mihi
783 817 948 900 ‘l—Negat
962 819 1135 900 improbus,
1151 830 1182 882 et
1197 829 1227 882 ta

265 917 407 998 Negligit
421 926 479 978 aut
493 915 818 979 horret-Vulteium
833 937 929 979 mane
945 917 1130 1000 Philippus·

265 1015 349 1078 Vilia
364 1014 558 1091 vendentem
573 1015 718 1077 tunicato
733 1025 840 1076 scruta
856 1015 980 1097 popello
1241 1016 1290 1078 65
1362 1029 1363 1104 j

264 1114 421 1196 Occupat,
437 1124 469 1176 et
483 1114 607 1177 salvere
617 1114 710 1198 jubet
724 1113 817 1196 prior.
862 1114 920 1177 llle
936 1115 1084 1196 Philippo

264 1213 433 1278 Excusare
448 1213 590 1276 laborem
605 1225 637 1276 et
651 1215 849 1276 mercenaria
864 1213 981 1294 vincla,

264 1315 365 1384 Quod
379 1333 445 1376 non
460 1334 557 1376 mane
572 1313 707 1395 domum
721 1315 871 1393 venisset,
887 1313 1027 1394 denique
1042 1314 1129 1396 quod
1145 1335 1208 1378 nou

264 1412 459 1476 Providisset
473 1411 658 1477 eum-Sic
673 1412 835 1494 ignovisse
849 1421 962 1493 putato
1362 1475 1363 1498 ,

265 1513 320 1575 Me
335 1512 401 1591 tibi,
417 1512 445 1573 si
459 1531 577 1574 coenas
591 1511 686 1573 hodie
702 1512 931 1576 mecum—Ut
945 1512 1164 1598 libet-Ergo
1245 1517 1290 1581 70
1362 1499 1363 1508 ἵ

264 1612 341 1673 Post
355 1630 476 1673 nonam
490 1611 619 1673 venies:
641 1630 731 1674 nunc
746 1611 765 1690 i,
783 1632 850 1674 rem
866 1623 1016 1676 strenuus
1032 1634 1124 1696 auge.
1362 1619 1363 1648 l

265 1712 310 1774 Ut
324 1722 460 1772 ventum
475 1708 518 1772 ad
532 1730 668 1773 coenam
683 1720 740 1790 est,
756 1711 894 1774 dicenda
909 1712 1048 1775 tacenda
1062 1712 1199 1795 locutus,

263 1810 418 1880 Tandem
434 1809 609 1873 dormitum
624 1809 803 1874 dimittitur.
847 1813 919 1892 Hic,
935 1813 991 1876 ubi
1006 1833 1102 1896 saepe

265 1909 441 1972 Occultum
456 1909 548 1972 visus
562 1908 728 1972 decurrere
743 1911 840 1992 piscis
855 1911 897 1974 ad
913 1912 1058 1992 hamum,

264 2008 362 2070 Mane
377 2008 479 2071 cliens
493 2009 605 2092 etjam
619 2017 725 2071 certus
741 2010 889 2090 conviva,
900 2011 1032 2094 jubetur

264 2109 353 2171 Rura
368 2108 555 2171 suburbana
568 2106 698 2172 indictis
712 2128 821 2171 comes
835 2109 879 2172 ire
895 2110 1030 2173 Latinis.

264 2207 438 2288 Impositus
452 2207 591 2286 mannis,
607 2227 722 2269 arvum
738 2209 930 2291 coelumque
944 2210 1104 2273 Sabinum

263 2305 336 2369 Non
352 2315 457 2367 cessat
471 2304 614 2368 laudare.
658 2306 754 2370 Videt
769 2308 913 2390 ridetque
930 2310 1108 2394 Philippus,

263 2404 308 2467 Et
322 2404 382 2466 sibi
398 2403 477 2466 dum
493 2405 646 2486 requiem,
662 2405 744 2469 dum
758 2407 843 2469 risus
858 2407 1004 2490 undique
1019 2412 1154 2491 quaerit,

263 2503 354 2565 Dum
369 2514 492 2586 septem
505 2503 605 2567 donat
619 2507 773 2586 sestertia,
789 2517 906 2570 mutua
920 2519 1043 2590 septem

263 2602 429 2683 Promittit,
444 2604 624 2685 persuadet,
640 2606 686 2668 uli
704 2619 862 2669 mercetur
875 2607 1027 2689 agellum.

262 2702 435 2766 Mereatur.
478 2704 528 2767 Ne
543 2714 574 2767 te
590 2705 696 2788 longis
711 2707 904 2788 ambagibus
919 2707 1011 2788 ultra,

261 2805 376 2872 Quam
391 2804 469 2866 satis
483 2815 540 2884 est,
557 2825 677 2871 morer:
700 2827 742 2869 ex
757 2805 859 2869 nitido
874 2806 911 2869 lit
925 2808 1073 2888 rusticus,
1090 2818 1190 2891 atque

262 2901 379 2964 Sulcos
394 2913 425 2965 et
439 2903 549 2967 vineta
563 2918 672 2988 crepat
686 2926 785 2985 mera,
801 2917 968 2988 praeparat
982 2907 1096 2989 ulmos,

260 3002 448 3065 Imrnoritur
461 3004 577 3067 studiis
592 3017 623 3067 et
638 3026 746 3067 amore
762 3006 898 3068 senescit
912 3006 1062 3069 habendi.
1240 3014 1284 3078 95

263 3100 382 3163 Verum
398 3102 454 3163 ubi
468 3122 545 3163 oves
561 3103 653 3182 furto,
669 3105 779 3167 morbo
794 3106 911 3187 periere
925 3106 1078 3187 capellae,
1362 3100 1363 3103 ¹

260 3199 359 3280 Spem
374 3202 508 3261 mentita
524 3221 623 3282 seges,
639 3203 697 3264 bos
712 3214 761 3266 est
775 3216 907 3267 enectus
922 3207 1063 3270 arando:

260 3297 414 3361 Offensus
429 3297 566 3380 damnis
581 3300 689 3363 media
705 3302 745 3365 de
761 3314 854 3366 nocte
869 3305 1035 3368 caballum

262 3398 385 3479 Arripit,
402 3398 566 3480 iratusque
581 3400 722 3483 Philippi
737 3402 838 3465 tendit
852 3404 895 3465 ad
910 3403 1015 3467 aedes

260 3495 370 3565 Quem
379 3496 476 3559 simul
486 3497 633 3582 adspexit
642 3502 793 3564 scabrum
802 3502 1031 3585 intonsumque
1041 3503 1222 3587 Philippus,
1237 3508 1281 3568 uu

626 3730 665 3781 63.
684 3728 775 3793 Neget,
788 3731 903 3783 Orellutt.
