2742 4250
458 251 567 300 LIBER
592 249 616 299 1.
667 250 701 298 Ε.
727 249 833 298 XVIII.

175 409 280 489 Zethi,
296 407 445 486 dissiluit,
461 406 562 469 donec
578 417 727 488 suspecta
742 424 852 466 severo

173 507 336 571 Conticuit
350 506 430 588 lyra.
475 505 638 568 Fratenris
652 505 787 566 cessisse
802 512 933 585 putatur

173 607 316 669 Moribus
330 604 513 686 Amphion:
537 613 573 665 tu
586 603 664 666 cede
679 602 816 684 potentis
830 601 927 664 amici

173 705 315 768 Leuibus
330 702 479 785 imperiis,
495 703 683 783 quotiesque
699 701 814 765 educet
828 701 862 763 in
877 721 970 782 agros

172 805 293 868 Aetolis
307 812 439 865 onerata
453 802 558 883 plagis
568 803 718 884 jumenta
730 820 902 881 canesque,

172 903 276 984 Surge
291 911 323 963 et
337 901 537 963 inhumanae
553 900 681 962 senium
694 898 819 981 depone
833 900 1005 979 Camenae,

171 1002 296 1062 Coenes
312 1008 348 1061 ut
362 999 478 1081 pariter
492 997 659 1080 pulmenta
674 998 837 1060 laboribus
851 1008 979 1080 empta;

175 1098 329 1161 Romanis
343 1098 498 1161 sollemne
513 1096 589 1160 viris
603 1117 694 1179 opus,
710 1096 789 1159 utile
803 1096 909 1159 lamae

174 1197 329 1278 Vitaeque
342 1205 375 1258 et
389 1195 550 1273 membris,
565 1195 751 1278 praesertim
765 1215 842 1257 cum
856 1195 967 1257 valeas
982 1206 1015 1258 et
1028 1272 1032 1282 ι
1103 1195 1146 1257 50

176 1295 230 1358 Vel
245 1315 344 1358 cursu
359 1312 509 1376 superare
523 1313 640 1356 canem
653 1294 707 1357 vel
721 1293 843 1356 viribus
857 1313 972 1376 aprum

176 1393 291 1456 Possis.
334 1392 437 1473 Adde,
453 1393 559 1455 virilia
573 1391 661 1474 quod
676 1392 852 1474 speciosius
866 1411 957 1456 arma

175 1493 247 1556 Non
261 1492 381 1574 estqui
397 1501 509 1555 tractet
519 1491 643 1570 z-scis,
658 1511 725 1573 quo
739 1491 878 1554 clamore
892 1511 1028 1554 coronae

176 1591 299 1654 Proelia
315 1590 475 1652 sustineas
489 1590 680 1671 campestria
691 1589 883 1671 3-denique
898 1609 1030 1652 saevam

174 1690 324 1753 Militiam
341 1709 421 1772 puer
434 1699 466 1751 et
480 1688 673 1752 Cantabrica
687 1689 772 1752 bella
788 1690 888 1752 tulisti
1104 1690 1146 1751 55

173 1790 242 1853 Sub
256 1781 349 1867 duce,
365 1788 422 1870 qui
438 1787 565 1870 templis
580 1787 773 1850 Parthorum
787 1788 881 1868 signa
895 1787 999 1869 religit

173 1888 279 1966 Nunc,
294 1897 334 1966 et,
351 1888 378 1950 si
392 1887 473 1969 quid
487 1888 586 1966 abest,
601 1886 692 1950 Italis
707 1885 871 1969 adJudicat
885 1887 992 1949 armis.

174 1989 230 2066 Ac,
246 2007 287 2048 ne
303 1996 334 2048 te
349 1986 492 2049 retrahas
508 1997 539 2048 et
554 1985 785 2048 inexcusabilis
799 1984 894 2064 absis,

174 2087 338 2156 Quamvis
352 2084 400 2148 nil
414 2093 505 2147 extra
520 2104 693 2148 nnmerum
708 2082 821 2147 fecisse
836 2082 1033 2166 modumque

174 2187 286 2264 suras,
302 2184 464 2249 interdum
477 2185 610 2267 nugaris
625 2204 697 2247 rure
711 2194 851 2266 paterno.
1104 2183 1147 2247 60

175 2284 314 2346 Partitur
328 2283 438 2346 lintres
446 2283 630 2362 ‚exercitum
654 2284 750 2345 Actia
763 2304 875 2366 pugna

174 2382 225 2444 'l'e
240 2382 324 2445 duce
338 2401 394 2464 per
408 2401 523 2464 pueros
539 2381 646 2444 hostili
661 2402 748 2449 more
764 2381 912 2463 refertum

175 2480 387 2545 Adversarius
402 2491 451 2543 est
466 2479 569 2560 irater,
585 2480 676 2543 lacus
692 2479 824 2560 Hadria,
839 2480 940 2543 donec

175 2581 374 2644 Alterutrum
389 2580 486 2643 velox
501 2580 632 2643 victoria
648 2579 760 2642 froude
775 2591 912 2643 coronet.

175 2680 361 2742 Consentire
377 2680 444 2742 suis
459 2678 574 2741 studiis
589 2679 646 2760 qui
661 2678 830 2741 crediderit
844 2689 883 2758 te,
1104 2681 1147 2743 oo

175 2780 296 2841 Fautor
311 2789 445 2860 utroque
461 2788 555 2843 tuum
569 2777 715 2841 laudabit
729 2777 843 2860 pollice
858 2778 984 2841 ludum.

175 2876 324 2939 Protinus
339 2886 374 2938 ut
390 2896 548 2955 moneam,
564 2877 591 2938 si
606 2876 685 2958 quid
700 2876 865 2939 monitoris
879 2896 955 2957 eges
970 2886 1014 2956 tu,

174 2974 266 3044 Quid
280 2973 321 3037 de
336 2994 464 3056 quoque
478 2976 546 3037 viro
561 2984 592 3037 et
607 2976 660 3037 cui
674 2974 773 3053 dicae,
790 2994 884 3056 saepe
899 2973 1014 3037 videto.

175 3072 431 3135 Percontatorem
446 3071 567 3155 fugito:
589 3093 667 3135 nam
681 3073 830 3154 garrulus
846 3071 933 3135 idem
947 3083 1005 3149 est,

175 3173 242 3237 Nec
257 3173 394 3234 retinent
408 3172 538 3255 patulae
553 3173 725 3234 commissa
740 3172 875 3235 fideliter
889 3192 992 3253 aures,
1106 3174 1148 3239 70

175 3270 218 3333 Et
233 3270 332 3332 semel
347 3270 504 3333 emissum
518 3270 607 3333 volat
621 3270 826 3333 irrevocabile
841 3273 984 3334 verbum.

175 3368 251 3432 Non
266 3369 386 3431 ancilla
401 3378 495 3432 tuum
505 3370 596 3452 jecur
609 3369 730 3432 ulceret
745 3369 813 3433 ulla
827 3390 947 3452 puerve

175 3468 262 3532 lutra
276 3487 492 3530 marmoreum
507 3466 682 3530 venerandi
697 3468 796 3531 limen
810 3469 915 3547 amici,

176 3566 224 3630 Ne
238 3567 391 3630 dominus
405 3567 495 3649 pueri
511 3564 636 3648 pulchri
650 3586 785 3628 caraeve
800 3567 926 3648 puellae

176 3664 309 3729 Munere
324 3675 355 3728 te
369 3685 469 3749 parvo
484 3666 554 3728 beet
569 3676 626 3728 aut
641 3664 865 3728 incommodus
880 3675 986 3747 angat
1104 3666 1146 3728 75
