2742 4250
455 256 565 305 LIBER
589 256 639 307 IV.
689 256 720 306 0.
745 258 769 307 1.

220 413 273 492 Et,
290 412 486 495 quandoque
500 411 656 496 potentior

261 513 360 594 Largi
375 513 562 577 muneribus
577 514 677 577 riserit
694 514 823 594 aemuli,

222 612 363 675 Albanos
380 632 475 694 prope
490 621 521 673 te
537 612 627 675 lacus

260 711 363 774 Ponet
377 730 588 773 marmoream
603 711 665 774 sub
679 711 767 773 trabe
781 711 887 773 citrea
1087 712 1130 774 20

219 809 289 873 Illic
303 809 442 891 plurima
456 810 588 871 naribus

260 910 370 972 Duces
385 909 489 988 thura,
505 908 658 991 lyraeque
672 920 705 971 et
719 910 927 991 Berecyntiae

220 1009 428 1071 Delectabere
443 1009 538 1071 tibiae

261 1108 376 1170 Mixtis
390 1108 598 1187 carminibus,
615 1127 682 1185 non,
696 1106 765 1169 sine
780 1106 909 1170 fistula:

219 1207 289 1270 lllic
304 1208 354 1269 bis
369 1208 460 1290 pueri
474 1207 526 1270 die
1086 1209 1127 1271 25

259 1306 391 1370 Numen
406 1326 483 1370 curn
499 1307 614 1369 teneris
629 1307 807 1389 virginibus
822 1316 917 1368 tuum

221 1406 417 1486 LaudanteS,
433 1406 513 1489 pede
527 1405 666 1469 candido

258 1506 298 1568 In
313 1524 436 1567 morem
450 1504 579 1583 Salium
592 1515 639 1569 ter
653 1506 800 1587 quatient
814 1506 963 1569 humum.

219 1603 271 1666 Me
286 1623 346 1666 nec
361 1603 482 1667 femina
498 1624 558 1667 nec
574 1622 654 1687 pust

257 1703 340 1783 Jam,
357 1722 417 1766 nec
433 1723 505 1786 spes
520 1704 620 1765 animi
635 1702 768 1767 creduis
779 1705 896 1783 mutui,
1083 1702 1125 1766 30

219 1801 284 1863 Nec
298 1811 419 1865 certare
430 1804 524 1885 juvat
539 1822 635 1882 mero,

257 1900 325 1965 Nec
339 1902 462 1965 vincire
477 1903 569 1965 novis
584 1912 727 1985 tempora
742 1901 882 1965 floribus.

218 2000 279 2063 Sed
293 2020 360 2080 cur,
375 2000 449 2081 herr,
465 2001 627 2083 Ligurine,
643 2021 702 2064 cur

256 2099 371 2164 Manat
385 2120 457 2165 rara
471 2120 560 2164 meas
575 2101 710 2166 lacrima
724 2120 779 2184 per
793 2100 918 2184 genas?

218 2201 282 2263 Cur
296 2199 438 2263 facunda
452 2220 568 2284 parum
582 2201 698 2264 decom
1081 2201 1123 2265 35

258 2302 344 2365 Inter
360 2301 458 2364 verba
473 2301 559 2363 cadit
574 2301 686 2383 lingua
702 2301 851 2363 silentio?

217 2399 388 2463 Nocturnis
403 2420 464 2482 ego
478 2402 611 2464 somniis

256 2500 330 2563 Jarn
345 2510 478 2583 captum
493 2485 593 2579 teneo,
603 2501 673 2583 jarn
688 2500 852 2563 volucrem
865 2519 981 2581 sequor

214 2597 264 2660 'I'e
279 2618 334 2680 per
348 2599 495 2681 gramina
510 2599 618 2662 Martii

255 2698 380 2781 Campi,
397 2709 427 2760 te
442 2718 497 2780 per
512 2719 623 2780 aquas
639 2699 727 2779 dure,
744 2697 910 2762 volubiles.
1078 2699 1121 2761 40
1164 2759 1167 2763 .

412 2898 450 2948 18.
468 2896 563 2960 Largis.
661 2898 703 2947 20.
721 2898 818 2959 Cypria.

228 2976 270 3037 22,
280 2975 320 3027 23.
338 2977 435 3041 lquue
446 2987 471 3027 et
484 2977 725 3040 Berecyntia-tibia.
822 2978 862 3028 28.
880 2979 996 3040 quatiunt

395 3155 825 3450 ”Q
