2742 4250
238 262 307 332 tlt
636 277 848 328 sacramen

239 435 388 498 Pluribus
402 433 544 496 adsuerit
561 443 701 498 mentem
716 453 896 516 corpusque
911 435 1094 516 superbum,

238 537 288 598 An
303 534 368 616 qui,
384 544 554 597 contentus
570 553 669 616 parvo
683 546 898 615 metuensque
913 532 1021 613 futuri,
1156 578 1160 584 -
1190 533 1260 618 tro

236 636 274 698 ln
290 654 378 716 pace,
394 645 431 696 ut
445 635 582 716 sapiens,
597 635 715 716 aptarit
728 633 845 696 idonea
860 633 1010 698 bellol-

237 736 315 805 Quo
329 735 434 816 magis
448 733 500 798 his
514 733 635 812 credas,
650 753 730 816 puer
744 733 833 796 hunc
848 752 909 814 ego
922 753 1042 816 parvus
1057 732 1200 796 Ofellum

237 833 374 916 Integris
387 833 503 916 opibus
517 833 593 896 novi
608 832 787 900 nonlatius
802 852 909 911 usum,

237 935 351 1004 Quam
364 952 454 995 nunc
468 933 593 996 accisis.
637 931 757 996 Videas
772 943 892 994 metato
906 931 939 994 in
955 931 1061 1014 agello

238 1035 323 1096 Cum
338 1052 450 1115 pecore
464 1042 497 1096 et
511 1032 617 1116 gnatis
631 1032 746 1096 sortem
761 1031 906 1096 mercede
921 1031 1081 1110 colonum,
1194 1032 1258 1094 115

237 1133 311 1198 Non
325 1151 394 1213 ego,
409 1141 602 1211 narrantem,
618 1141 736 1194 temere
751 1129 803 1194 edi
817 1130 890 1194 luce
904 1129 1043 1214 profesta

238 1230 430 1312 Quidquam
445 1240 569 1312 praeter
581 1231 655 1294 olus
669 1229 817 1294 fumosae
832 1249 909 1294 cum
923 1229 1004 1312 pede
1019 1248 1145 1312 pernae.

237 1331 282 1392 At
295 1330 376 1393 mihi
390 1349 450 1392 seu
465 1331 600 1413 longum
614 1340 686 1413 post
701 1340 829 1412 tempus
843 1339 975 1393 venerat
989 1330 1114 1411 hospes,

238 1429 314 1491 Sive
328 1448 460 1510 operum
475 1449 580 1492 vacuo
595 1442 706 1512 gratus
720 1430 859 1492 convive
874 1448 930 1512 per
944 1429 1078 1493 imbrem

238 1528 381 1606 Vicinus,
396 1528 478 1591 bene
492 1539 569 1608 erat,
585 1548 651 1592 non
665 1529 808 1612 piscibus
823 1530 901 1592 urbe
916 1527 1030 1611 petitis,
1194 1528 1261 1590 120

237 1627 303 1690 Sed
317 1627 407 1710 pullo
421 1639 520 1710 atque
534 1629 656 1711 hoedo;
680 1642 752 1692 tum
767 1628 900 1712 pensilis
915 1649 981 1692 uva
996 1627 1157 1692 secundas

239 1727 283 1788 Et
297 1746 367 1789 nux
382 1730 516 1791 ornabat
530 1748 662 1792 mensas
675 1748 754 1792 cum
768 1728 898 1812 duplice
913 1728 987 1792 ficu.

240 1827 316 1888 Post
329 1828 391 1890 hoc
406 1826 505 1891 ludus
518 1839 596 1908 erat,
611 1828 710 1912 culpa
724 1838 832 1912 potare
848 1828 1010 1911 magistra,

240 1927 287 1987 Ac
304 1937 454 1990 venerata
469 1928 574 2008 Ceres,
589 1929 635 1992 ita
648 1928 759 1991 culmo
774 1938 916 2013 surgeret
930 1928 1003 2007 alto,

240 2025 409 2107 Explicuit
422 2027 499 2090 vino
513 2037 696 2090 contractae
711 2027 793 2091 serie
808 2026 928 2090 frontis.
1197 2026 1262 2089 125
1361 2015 1362 2044 t

238 2126 372 2189 Saeviet
386 2137 485 2209 etque
498 2147 600 2191 novos
614 2138 744 2191 moveat
758 2128 887 2193 fortuna
902 2130 1080 2191 tumultus.

240 2225 414 2293 Quantum
423 2226 500 2290 hino
510 2226 702 2291 imminuet?
716 2237 838 2310 quanto
847 2236 905 2289 aut
913 2246 973 2310 ego
983 2244 1111 2309 parcius
1123 2234 1181 2287 aut
1191 2245 1261 2304 von,

240 2324 269 2386 O
284 2324 383 2405 pueri,
398 2325 548 2405 nituistis,
564 2336 601 2389 ut
615 2328 681 2389 huc
696 2346 802 2389 novus
817 2326 922 2389 incola
937 2326 1048 2389 reniti

239 2423 325 2486 Nam
340 2424 483 2507 propriae
499 2426 621 2489 telluris
636 2427 751 2491 herum
766 2436 883 2489 natura
897 2445 1003 2507 neque
1018 2425 1121 2504 illum,

240 2521 310 2584 Nec
326 2543 377 2585 me
392 2542 451 2586 nec
466 2544 668 2607 quemquam
682 2526 815 2590 statuit:
837 2544 896 2589 nos
911 2524 1037 2608 expulit
1050 2523 1124 2605 ille;
1199 2520 1266 2583 130

240 2622 338 2685 lllum
352 2633 410 2685 aut
424 2625 583 2707 nequities
597 2635 656 2687 aut
669 2624 752 2687 vasri
767 2624 894 2688 inscitia
904 2624 994 2708 juris,

243 2722 443 2785 Postremum
457 2723 596 2805 expellet
609 2734 693 2787 certe
708 2722 851 2789 vivacior
864 2724 966 2787 heres.

243 2822 337 2885 Nunc
351 2842 428 2904 ager
442 2822 598 2887 Umbreni
611 2824 674 2886 sub
688 2824 827 2904 nomine,
844 2843 946 2905 nuper
961 2821 1058 2887 Ofelli

244 2922 364 3000 Dictus,
380 2921 438 2985 erit
452 2922 536 2985 nulli
550 2923 704 3005 proprius,
721 2922 778 2985 sed
792 2922 885 2987 cedet
899 2923 933 2985 in
949 2943 1047 2987 usum

178 3101 181 3105 A
243 3020 336 3085 Nunc
351 3021 440 3101 mihi,
455 3040 546 3084 nunc
560 3022 625 3085 alii.
670 3022 834 3091 Quocirca
848 3022 948 3085 vivite
963 3022 1066 3099 sortes,
1202 3022 1259 3086 tat·

243 3120 413 3201 Fortiaque
428 3121 572 3183 adversis
585 3122 735 3203 opponite
750 3132 878 3203 pectora
892 3124 995 3187 rebus.

270 3317 323 3368 11³.
342 3318 445 3378 lentium
461 3318 556 3376 laetius,
567 3318 597 3368 dc
608 3322 671 3385 conj.
741 3322 796 3371 118.
813 3322 862 3380 Ac,
873 3322 991 3372 Orelliu.
1058 3322 1113 3371 1⁶18.
1127 3321 1237 3397 vixistis,

472 3398 526 3447 129.
544 3401 647 3461 prornie.
723 3401 776 3451 13³.
796 3400 898 3460 Ofellam,
911 3402 1029 3453 Orelliru.
1120 3477 1122 3481 .
1164 3446 1167 3451 .
1186 3443 1189 3447 .

633 3481 688 3531 tot.
707 3480 791 3530 Dictus
801 3491 868 3540 erut„
