2742 4250
480 248 591 301 crana
614 249 639 299 n
689 249 717 300 s.
742 250 823 303 vnn
1087 234 1154 310 197

137 408 240 472 llunc
255 426 379 470 vexare
394 406 510 488 locum,
524 426 622 470 curae
637 417 715 470 sunt
729 417 826 490 atque
841 407 950 487 labori,

135 510 318 578 Quantum
332 506 530 570 carminibus
543 526 629 589 qnae
644 518 774 570 versant
789 517 887 589 atque
900 508 1035 571 venenis

136 610 316 673 Humanos
331 609 476 671 animos:
498 608 559 669 has
573 606 664 671 nullo
678 606 808 690 perdere
823 626 957 691 possum
1119 608 1161 671 20

134 710 210 776 Nec
224 708 393 791 probibere
407 706 510 787 modo,
527 706 625 769 simul
640 727 679 769 ac
696 727 781 790 vaga
796 708 875 770 luna
890 706 1042 772 decorum

136 808 280 874 Protulit
295 827 339 887 os,
355 806 435 889 quin
450 826 523 869 ossa
537 805 648 889 legant
663 807 843 889 herbasque
858 818 1020 871 nocentes.

136 908 216 972 Vidi
230 917 359 990 egomet
373 906 465 989 nigra
480 906 679 970 succinctam
697 907 812 971 vadere
826 907 914 990 palla

137 1007 317 1071 Canidiam
333 1006 469 1090 pedibus
484 1006 582 1069 nudis
596 1027 757 1089 passoque
772 1008 897 1090 capillo,

138 1109 229 1170 Cum
244 1108 377 1190 Sagana
393 1109 510 1191 majore
525 1106 726 1189 ululantem3
750 1107 852 1191 pallor
866 1118 1019 1191 utrasque
1121 1108 1162 1171 25

139 1210 279 1272 Fecerat
293 1206 468 1270 horrendas
483 1206 648 1290 adspectu.
692 1208 841 1291 Scalpere
857 1218 973 1272 terram

139 1308 317 1390 Unguibus
331 1317 363 1370 et
377 1306 502 1389 pullam
516 1306 667 1370 divellere
682 1306 844 1370 mordicus
859 1326 980 1390 agnam

140 1410 343 1491 Coeperunt:
365 1427 459 1470 cruor
473 1408 507 1470 in
521 1407 643 1470 fossam
656 1406 822 1488 confusus,
839 1418 875 1470 ut
889 1408 964 1471 inde

141 1508 260 1571 Manes
274 1508 424 1570 elicerent
438 1508 566 1570 animas
580 1526 733 1590 responsa
748 1506 888 1571 daturas.

141 1608 256 1671 Lanea
270 1618 302 1671 et
316 1602 439 1690 effigies
453 1617 529 1685 erat,
545 1607 645 1670 altera
659 1628 771 1672 cerea:
793 1612 895 1694 major
1120 1608 1162 1671 30

118 1757 123 1761 .
142 1707 265 1788 Lanea,
280 1728 366 1789 quae
380 1708 491 1789 poenis
505 1718 722 1790 compesceret
736 1707 924 1771 inferiorern.

141 1810 244 1871 Cerea
260 1807 446 1889 suppliciter
460 1808 573 1887 stabat,
589 1808 759 1872 servilibus
774 1818 811 1871 ut
825 1828 909 1889 quae

140 1909 217 1972 Jam
232 1907 371 1991 peritura
387 1908 499 1970 modis
544 1908 689 1971 Hecaten
704 1919 799 1970 vocat
814 1908 922 1987 altera,
939 1928 1072 1972 saevam

141 2008 253 2071 Altera
268 2007 481 2090 Tisiphonen.
525 2008 695 2090 Serpentes
711 2017 809 2088 atque
824 2007 948 2071 videres

142 2106 290 2172 infernas
305 2128 408 2171 errare
422 2127 529 2186 canes,
546 2107 725 2190 lunamque
739 2108 916 2187 rubentem,
1118 2108 1160 2172 35

142 2209 191 2272 Ne
206 2208 287 2272 soret
302 2209 354 2271 iris
369 2209 466 2288 testis,
482 2218 553 2290 post
568 2227 689 2289 magna
704 2207 801 2272 latere
816 2209 995 2292 sepulchra.

142 2309 280 2372 Mentior
294 2318 328 2371 at
342 2308 370 2370 si
385 2307 472 2390 quid,
488 2306 607 2370 merdis
620 2318 720 2391 caput
735 2307 884 2389 inquiner
898 2308 979 2371 albis

141 2410 320 2472 Corvorum
334 2420 432 2491 atque
446 2409 480 2472 in
495 2428 548 2471 me
562 2407 672 2470 veniat
686 2409 825 2472 mictum
840 2418 937 2490 atque
952 2411 1103 2470 cacatum

140 2508 251 2572 Julius
265 2520 297 2572 et
311 2508 433 2592 fragilis
448 2507 595 2572 Pediatia
609 2506 725 2589 furque
743 2508 899 2571 Voranus.

141 2609 280 2690 Singula
294 2609 374 2691 quid
389 2608 587 2672 memoreml
610 2628 674 2689 quo
690 2620 784 2692 pacto
799 2609 922 2670 alterna
934 2608 1103 2689 loquentes
1122 2605 1159 2670 10

143 2708 283 2772 Umbrae
298 2729 375 2772 cum
389 2705 522 2791 Sagana
536 2719 720 2771 resonarent
735 2709 822 2771 triste
837 2719 868 2770 et
883 2719 1027 2785 acutum,

144 2806 251 2890 thue
267 2807 335 2891 lupi
348 2809 482 2872 barbam
498 2808 607 2870 variae
622 2828 699 2871 curn
714 2807 810 2870 dente
824 2807 975 2870 colubrae

143 2908 332 2974 Abdiderint
346 2908 458 2972 furtim
473 2909 572 2988 terris,
588 2919 620 2971 et
635 2908 777 2990 imagine
792 2927 884 2970 cerea

144 3009 273 3093 Largior
287 3009 398 3071 arserit
413 3008 505 3091 ignis,
521 3007 604 3071 et'ut
618 3027 683 3070 non
701 3007 789 3070 testis
804 3006 928 3069 inultus

144 3086 326 3172 Horruerim
341 3129 437 3171 voces
454 3109 628 3172 Furiarum
642 3118 674 3170 et
688 3107 775 3171 facta
789 3106 938 3170 duarum.
1118 3107 1156 3171 -t5

144 3209 235 3290 Nam,
250 3209 392 3292 displosa
407 3219 501 3271 sonat
514 3218 675 3290 quantum
690 3208 806 3288 vesica,
823 3206 945 3291 pepedi,

145 3308 275 3374 Diffissa
289 3318 364 3371 nate
380 3308 482 3385 ficus3
505 3318 540 3370 at
554 3307 629 3370 illae
643 3327 769 3371 currere
785 3309 818 3369 in
834 3307 954 3370 urbem.

142 3408 296 3473 Canidiae
311 3409 431 3489 dentes
448 3409 551 3472 altum
566 3409 717 3492 Saganae
731 3397 931 3470 caliendrum

301 3643 343 3694 2⁵.
360 3652 495 3706 unamque,
505 3643 536 3694 de
546 3645 610 3708 conj.
675 3645 717 3692 41.
735 3644 878 3700 resonarint,
888 3643 918 3692 de
931 3646 994 3709 conj.

553 3725 587 3774 4⁵
613 3723 746 3774 Obrucriur.
