2742 4250
472 294 583 344 menn
607 294 647 343 rc
697 293 725 345 a.
751 295 788 346 n.
1073 279 1141 346 211

58 452 64 483 ¹
113 452 292 516 iIestemis
306 450 395 514 vitiis
409 452 558 514 animum
573 468 704 534 quoque
720 461 912 534 praegravat
927 471 1002 531 una,
1096 445 1098 449 ’

4 550 59 623 00
111 553 230 634 Atque
245 551 350 633 affigit
364 551 466 612 humo
479 551 611 614 divinae
625 551 818 633 particulam
833 571 940 614 aurae.

113 653 221 731 Alter,
236 652 292 714 nbi
308 651 394 712 dicto
407 649 503 712 citius
517 661 629 713 curata
643 651 753 733 sopori,
1103 651 1145 716 80

18 761 43 823 50
112 751 271 813 Membra
286 748 383 829 dedit,
400 759 535 831 vegetus
549 746 745 832 praescripta
759 747 802 811 ad
817 751 931 812 munia
945 750 1056 831 surgit.

112 851 187 914 Hic
203 861 313 912 tamen
329 848 371 910 ad
388 847 505 910 melius
520 849 634 930 poterit
648 858 864 912 transcurrere
879 849 1054 930 quondam,

112 951 201 1012 Sive
217 949 302 1010 diem
318 946 438 1009 festum
453 947 580 1009 rediens
594 946 762 1009 advexerit
776 967 893 1028 annue,
1005 960 1007 964 '

113 1049 191 1111 Seu
206 1066 346 1108 recreare
363 1045 449 1108 volet
463 1056 634 1108 tenuatum
647 1044 773 1128 corpus,
790 1047 910 1128 ubique
1001 1101 1004 1105 .
1031 1104 1032 1112 ,

42 1170 46 1187 ·
115 1146 288 1208 Accedent
304 1146 391 1224 anni,
407 1156 439 1206 ct
453 1140 582 1220 tractari
598 1146 728 1208 mollius
743 1157 833 1208 aetas
1102 1147 1144 1210 8⁶

8 1263 33 1321 ,t
120 1245 291 1308 [inbecilla
306 1244 410 1325 volet}
434 1245 491 1319 tibi
506 1244 666 1326 quidnam
680 1245 812 1308 accedet
827 1243 869 1308 a'd
887 1247 989 1326 istam,

116 1346 238 1414 Quam
254 1365 332 1426 puer
346 1355 378 1406 et
393 1344 524 1408 validus
538 1345 727 1426 praesumis,
743 1346 918 1426 mollitiem,
935 1365 994 1408 seu

123 1445 217 1506 Dura
232 1443 385 1506 valetudo
400 1445 545 1513 inciderit
559 1462 617 1506 sen
633 1445 725 1506 tarda
740 1446 912 1509 senectus?

118 1542 309 1606 Rancidum
325 1563 440 1627 aprum
454 1543 580 1624 antiqui
597 1543 784 1624 laudabant7
800 1563 865 1607 non
880 1545 958 1626 quia
973 1563 1073 1606 nasus
1096 1610 1100 1616 ,

119 1643 192 1706 Illis
208 1643 319 1704 nullus
334 1653 419 1724 eret;
443 1642 509 1721 sed,
522 1640 628 1723 credo,
644 1644 707 1706 hac
723 1655 839 1725 menta,
855 1645 943 1727 quod
960 1647 1075 1728 hospes
1101 1648 1144 1709 90

3 1767 7 1779 ·
118 1742 268 1804 Tardius
284 1741 461 1804 adveniens
476 1735 628 1804 vitiatum
640 1743 852 1822 commodius,
866 1763 970 1825 quam

120 1843 134 1902 1
138 1851 289 1922 ntegrum
304 1839 389 1902 edax
404 1840 556 1903 dominus
571 1853 782 1914 consumeret.
827 1843 896 1904 Hos
907 1837 1130 1906 utinam'inter

120 1941 246 2002 Heroas
261 1950 378 2003 natum
392 1939 488 2002 telius
502 1960 555 2004 me
569 1941 674 2023 prima
689 1941 833 2004 tulisset!

122 2041 192 2102 Das
208 2039 330 2121 aliquid
346 2039 461 2120 famae,
477 2060 562 2121 quae
576 2042 718 2104 carmine
733 2041 851 2125 gratior
864 2031 991 2104 aurem

120 2140 271 2222 Occupat
285 2141 486 2204 humanam:
510 2136 648 2223 grandes
663 2143 789 2205 rhombi
804 2143 998 2225 patinaeque
1096 2144 1138 2207 00

120 2240 254 2303 Grande
267 2238 375 2302 ferunt
389 2258 457 2301 una
471 2254 547 2304 curu
562 2240 683 2303 damno
698 2240 856 2324 dedecus3
880 2241 964 2304 adde

120 2340 245 2400 Iratum
260 2348 420 2420 patruum,
434 2338 568 2419 vicinoS,
584 2350 614 2401 te
630 2340 687 2402 tibi
702 2340 860 2422 iniquum,

123 2438 166 2501 Et
182 2437 299 2499 frustra
313 2439 425 2500 mortis
438 2438 605 2520 cupidum,
621 2458 698 2502 cum
713 2441 811 2503 deerit
826 2442 932 2524 egenti

122 2539 175 2616 As,
193 2536 300 2618 laquei
314 2538 461 2619 pretium.
505 2538 593 2617 Jure‚
609 2538 722 2621 inquit,
739 2541 901 2603 Transius
917 2542 986 2603 istis

120 2636 276 2715 Jurgatur
291 2636 413 2699 verbis:
435 2654 495 2718 ego
509 2637 682 2719 vectigalia
698 2658 818 2721 magna
1080 2640 1140 2703 100

122 2734 327 2815 Divitiasque
343 2735 446 2797 habeo
462 2736 563 2799 tribus
578 2738 704 2819 amplas
720 2740 856 2820 regibus.
903 2739 998 2821 Ergo,

121 2833 222 2903 Quod
237 2844 374 2915 superat,
390 2853 455 2897 non
470 2846 520 2897 est
533 2836 730 2918 meliusque
745 2840 906 2900 insumere
921 2838 1018 2920 possit·
1033 2838 1046 2899 ’ἒ
1132 2826 1133 2837 ’

121 2934 189 2995 Cur
203 2944 276 3014 eget
290 2932 443 3015 indignus
458 2936 641 3016 quisquam,
657 2947 688 2999 te
703 2937 825 2999 divitet
847 2956 947 3017 quare

120 3032 261 3113 'l'empla
276 3042 375 3095 ruunt
389 3034 526 3114 antiqua
540 3034 660 3100 deum?
683 3054 748 3115 cur,
765 3034 916 3117 improbe,
932 3056 1025 3098 cant·

122 3131 193 3199 Non
209 3130 332 3213 aliquid
348 3134 470 3215 patriae
485 3145 575 3197 tanto
588 3136 728 3198 emetiris
743 3136 882 3198 acervo?
1082 3136 1136 3198 105

124 3230 188 3294 Uni
202 3230 356 3295 nimirum
372 3245 455 3295 recte
471 3234 526 3296 tibi
542 3255 667 3317 semper
680 3245 774 3297 erunt
790 3236 862 3297 res?
929 3306 931 3309 ,

120 3332 148 3394 Ο
164 3350 306 3413 magnus
322 3333 455 3414 posthac
470 3334 608 3397 inimicis
624 3334 726 3397 risus!
772 3336 890 3400 Uterne

124 3430 168 3492 td
184 3451 282 3493 casus
298 3431 413 3494 dubios
429 3430 507 3499 fidet
521 3435 581 3496 sibi
596 3435 738 3499 certius?
760 3436 821 3515 hic,
837 3436 894 3518 qui

229 3660 267 3709 79.
286 3660 379 3722 affligit.
445 3663 487 3713 05.
498 3664 615 3725 Occupet,
627 3665 742 3714 Orelliuc.
808 3667 845 3715 99.
867 3666 935 3726 Aes5
952 3666 1036 3729 inquio.

473 3742 527 3792 106.
545 3754 641 3804 recten
657 3745 700 3792 ubi
712 3754 782 3793 recte.
