2742 4250
203 251 276 328 270
576 269 830 318 mammon

205 431 310 494 Nollet
323 427 594 510 Aristippus-St
609 427 705 490 sciret
717 425 846 508 regibus
859 425 917 502 uti,

204 528 374 594 Fastidiret
387 528 469 606 olus,
484 527 542 608 qui
556 546 609 589 me
623 525 879 589 notat-Unius
891 525 1010 586 borum
1182 524 1221 586 lb

204 628 308 692 Verba
321 627 434 710 probes
447 636 480 688 et
493 625 589 706 sacta,
603 625 693 704 doce,
706 624 760 687 vel
769 625 878 707 junior
891 623 979 702 audi,

204 729 271 791 Cur
285 728 327 789 sit
339 725 493 808 Aristippi
508 728 609 808 potior
623 724 805 805 senteutia3
827 742 971 804 namque

203 825 389 889 Mordaeem
405 825 569 907 Cynicum
584 824 631 887 sic
645 823 807 902 eludebat,
821 832 859 885 nt
872 823 985 885 aiunt:

203 926 336 988 Scurror
349 944 409 1007 ego
424 924 492 1006 ipse
506 923 597 1002 mihi,
611 922 731 1004 populo
745 932 802 1002 tu;
824 922 943 984 rectius
955 921 1020 984 hoc
1032 930 1064 984 et

203 1023 413 1105 Splendidius
427 1023 531 1086 multo
545 1034 604 1084 est.
648 1023 767 1103 Equus
780 1033 818 1084 ut
832 1041 886 1084 me
899 1021 1088 1103 portetalat
1102 1039 1169 1099 rex,
1179 1020 1225 1082 20

204 1123 357 1185 Officium
372 1122 474 1203 facio;
498 1132 535 1184 tu
551 1121 750 1203 poscis'vilia
762 1139 871 1183 rerum

203 1221 310 1284 Dante
325 1221 437 1300 minor,
452 1221 604 1301 quamvis
617 1218 682 1282 lers
697 1230 729 1282 te
742 1219 868 1283 nullius
881 1230 1040 1301 egentem.

205 1319 321 1382 Omnis
335 1319 537 1401 Aristippum
550 1318 659 1382 decuit
672 1317 760 1382 color
771 1330 805 1381 et
818 1329 924 1382 status
937 1329 971 1382 et
984 1338 1043 1397 res,

204 1419 403 1482 'I'entantem
417 1421 547 1501 majora,
562 1417 628 1482 t'ere
642 1419 870 1500 praesentibus,
879 1437 1032 1500 aequum.

205 1519 333 1596 Contra,
349 1537 447 1599 quem
462 1517 583 1599 duplici
598 1537 708 1599 panno
722 1518 878 1599 patientia
891 1517 988 1595 velat,
1182 1515 1223 1577 25

205 1618 355 1697 Mirabor‚
370 1618 456 1679 vitae
471 1618 526 1678 via
541 1617 568 1679 si
582 1636 740 1678 conversa
754 1616 888 1680 decebit

205 1717 294 1780 Alter
308 1736 506 1798 purpureum
520 1735 586 1778 non
600 1716 801 1798 exspectabit
814 1716 979 1792 amictum,

206 1816 375 1887 Quidlibet
389 1815 523 1878 indutus
537 1815 742 1878 celeberrima
756 1835 812 1897 per
832 1815 904 1876 loca
917 1814 1022 1891 vadet,

205 1917 445 1996 Personamque
460 1914 538 1976 feret
552 1933 618 1976 non
633 1915 848 1976 inconcinnus
862 1924 1053 1994 utramque:

205 2015 296 2079 Alter
310 2014 413 2077 Mileti
428 2024 551 2076 textam
566 2033 648 2075 cane
663 2015 754 2096 pejus
769 2023 802 2075 et
816 2013 917 2094 angui
1184 2011 1227 2074 3⁰

206 2114 327 2178 Vitabit
340 2113 560 2196 chlamydem,
576 2113 730 2176 morietur
743 2112 866 2195 frigore,
882 2113 911 2175 si
925 2132 991 2175 non

206 2213 365 2279 Retuleris
380 2232 545 2295 pannum:
568 2211 649 2275 refer
663 2223 696 2275 et
710 2213 780 2275 sine
795 2212 887 2275 vivat
901 2212 1049 2293 ineptus!

207 2314 273 2379 Res
287 2333 393 2395 gerere
407 2324 439 2375 et
453 2323 564 2395 captos
578 2312 745 2375 ostendere
759 2312 886 2375 civibus
900 2312 1017 2390 hostes,

207 2412 345 2493 Attingit
360 2412 477 2474 solium
492 2412 582 2476 Jovis
597 2423 630 2475 et
643 2412 795 2475 coelestia
810 2422 929 2475 tentat:

209 2511 412 2593 Principibus
426 2510 587 2593 placuisse
602 2511 679 2573 viris
694 2531 760 2574 non
775 2511 891 2574 ultima
905 2510 980 2573 laus
994 2519 1068 2604 est,
1186 2510 1227 2574 35

208 2610 283 2674 Non
297 2610 402 2673 cuivis
417 2610 540 2672 bomini
554 2610 712 2693 contingit
725 2610 813 2673 adire
828 2611 1030 2673 Corinthum

208 2707 308 2787 Sedit,
323 2709 380 2790 qui
396 2709 511 2789 timuit,
527 2728 568 2771 ne
582 2728 648 2771 non
664 2708 867 2772 succederet:
889 2720 976 2772 esto:

209 2807 310 2887 Quid,
326 2808 383 2890 qui
397 2808 566 2890 pervenit?
610 2809 745 2871 Facitne
759 2808 915 2871 viriliter?
958 2808 1059 2891 Atqui

209 2908 273 2971 Hic
288 2919 336 2971 est
350 2919 407 2970 aut
422 2928 594 2990 nusquam,
606 2907 694 2989 quod
709 2908 906 2989 quaerimus.
942 2908 1005 2971 Hic
1019 2927 1104 2970 onus
1114 2907 1229 2986 horret,

211 3007 255 3071 Ut
269 3007 376 3090 parvis
390 3008 508 3070 animis
522 3018 555 3069 et
567 3026 668 3089 parvo
682 3027 812 3090 corpore
826 3009 951 3090 majus3
1186 3007 1228 3070 40

211 3108 273 3170 Hic
288 3107 375 3170 subit
388 3118 420 3169 et
434 3104 556 3189 perfert
600 3108 669 3169 Aut
682 3107 786 3169 virtus
800 3126 918 3169 nomen
933 3107 1030 3169 inane
1044 3118 1102 3185 est,

212 3208 278 3271 Aut
292 3206 391 3269 decus
406 3217 438 3269 et
451 3206 589 3288 pretium
603 3217 688 3267 recte
702 3207 780 3289 petit
794 3206 962 3289 experiens
977 3207 1034 3269 vir.

213 3305 330 3367 Coram
344 3324 417 3387 rege
431 3324 491 3367 suo
506 3302 546 3365 de
561 3315 748 3387 paupertate
764 3314 906 3369 tacentes

214 3404 291 3467 Plus
305 3413 455 3485 poscente
469 3401 588 3487 ferent;
611 3401 719 3483 distat,
734 3424 888 3467 sumasne
903 3403 1068 3488 pudenter,

217 3504 266 3565 An
280 3501 394 3585 rapias
438 3501 539 3584 Atqui
553 3522 660 3565 rerum
675 3512 774 3585 capnt
788 3504 852 3567 hoc
866 3513 943 3584 erat,
958 3503 1012 3567 hic
1027 3501 1108 3565 sons.
1189 3501 1230 3565 tt

514 3732 554 3783 21.
572 3721 643 3783 vilia:
660 3748 751 3783 verum.
823 3734 858 3785 ts.
876 3748 928 3783 m.
