2742 4250
465 273 577 325 msa
601 273 626 324 1.
676 272 704 323 s.
729 273 780 325 vc
1067 253 1133 325 191

120 435 202 502 Ante
215 440 408 517 potestatem
421 430 516 495 ‘lulli
530 442 628 514 atque
643 431 783 516 ignobile
798 450 935 514 regnum

119 533 241 598 Multos
254 552 353 615 saepe
366 530 452 594 viros
467 532 567 595 nullis
581 533 755 615 majoribus
770 542 854 594 ortos
1101 530 1138 593 lo

118 635 164 699 Et
176 634 301 697 vixisse
315 632 439 715 probos,
455 632 572 713 amplis
585 642 618 695 et
632 632 807 695 honoribus
822 641 952 713 auetos3
982 678 985 687 ,

117 735 241 796 Contra
254 732 448 810 Laevinum,
464 730 571 794 Valeri
586 750 698 812 genus,
714 731 801 795 unde
816 732 982 815 Superbus

117 832 324 914 Tarquinius
343 850 442 913 regno
455 829 570 912 pulsus
584 828 676 911 sugit,
693 831 792 893 nnius
807 850 889 893 assis

119 931 196 995 Non
209 950 360 1011 unquam
374 930 473 1012 pretio
487 928 589 1011 pluris
602 929 741 1009 licuisse,
756 940 888 993 notante

118 1032 140 1095 J
142 1030 246 1109 udice,
261 1048 327 1110 quo
341 1028 435 1108 nosti,
449 1028 577 1110 populo,
592 1029 649 1110 qui
664 1029 784 1091 stultus
798 1029 934 1091 honoros
1103 1030 1141 1093 15

118 1131 225 1211 Saepe
239 1128 298 1190 dat
312 1126 456 1209 indignis
469 1138 502 1189 et
516 1125 625 1189 famae
639 1127 737 1189 servit
751 1127 888 1209 ineptus,

119 1230 193 1299 Qui
207 1237 315 1311 stupet
329 1227 364 1290 in
378 1226 480 1289 titulis
494 1236 526 1289 et
540 1227 746 1309 imaginibus.
790 1228 882 1297 Quid
897 1238 1017 1310 oportet

120 1330 192 1391 Nos
205 1327 320 1407 facere,
335 1347 357 1389 a
369 1326 471 1408 vulgo
485 1326 579 1408 longe
594 1327 753 1409 longeque
768 1328 928 1391 remotos?

121 1427 275 1509 Namque
288 1437 366 1506 esto,
382 1425 522 1508 populus
536 1426 683 1489 Laevino
696 1425 810 1489 mallet
823 1427 986 1506 honorem,

120 1528 239 1597 Quam
252 1525 356 1589 Decio
369 1524 526 1587 mandare
541 1544 634 1604 novo,
649 1544 827 1608 censorque
842 1538 984 1589 moveret
1100 1526 1144 1589 211

121 1627 259 1708 Appius,
273 1626 416 1708 ingenuo
429 1625 458 1688 si
472 1644 538 1687 non
551 1644 657 1687 essem
672 1637 760 1707 patre
774 1637 890 1691 natus:

123 1725 184 1789 Vel
199 1725 319 1804 merito,
335 1725 490 1805 quoniam
504 1725 539 1787 in
553 1725 678 1807 propria
693 1744 759 1788 non
774 1725 857 1807 pelle
871 1726 1041 1807 quiessem.

123 1824 191 1887 Sed
206 1823 350 1906 fulgente
364 1825 462 1887 trahit
475 1825 662 1887 constrictos
676 1824 776 1906 gloria
791 1844 887 1888 curru

124 1924 202 1987 Non
216 1925 326 1987 miuus
340 1924 465 2007 ignotos
480 1924 650 2007 generosis.
694 1925 772 1994 Quo
787 1924 852 2003 tibi,
868 1924 956 2003 Tilli,

125 2025 262 2087 Sumere
276 2023 459 2107 depositum
472 2023 605 2086 clavum
619 2023 753 2104 fierique
768 2022 919 2086 tribuno?
1102 2024 1142 2087 25

125 2122 257 2186 Invidia
271 2123 418 2203 accrevit,
433 2123 558 2205 privato
571 2143 658 2204 quae
672 2125 777 2187 minor
791 2136 884 2187 esset.

126 2222 214 2285 Nam
228 2222 418 2304 utquisque
432 2223 569 2285 insanus
583 2223 685 2305 nigris
699 2223 844 2286 medium
859 2223 1004 2307 impediit
1018 2241 1093 2285 crus

126 2320 270 2384 Pellibus
285 2330 317 2383 et
323 2319 434 2400 ‚latum
448 2321 576 2384 demisit
590 2331 715 2404 pectore
729 2324 870 2403 clavum,

126 2419 229 2482 Audit
242 2420 411 2482 continuo:
432 2421 520 2490 Quis
533 2422 631 2484 homo
645 2421 699 2484 hic
714 2422 786 2485 esti
829 2424 907 2492 Quo
922 2433 1011 2504 patre
1027 2421 1144 2485 natus?

126 2519 172 2582 Ut
187 2519 287 2600 siqui
302 2528 443 2601 aegrotet
455 2539 522 2602 quo
535 2521 645 2583 morbo
659 2521 787 2601 Barrus,
803 2521 914 2584 haberi
1104 2521 1146 2584 30

127 2619 171 2682 Ut
185 2619 296 2700 cupiat
310 2617 476 2698 formosus,
491 2628 544 2681 eat
558 2639 763 2702 quacunque,
779 2621 893 2704 puellis

12 2750 15 2781 s
127 2717 254 2800 lnjiciat
267 2737 381 2779 curam
395 2717 570 2798 quaerendi
584 2719 722 2801 singula,
738 2721 828 2802 quali

127 2815 177 2878 Sit
189 2815 282 2896 facie,
297 2836 382 2895 sura,
396 2816 487 2898 quali
501 2816 590 2899 pede,
606 2817 711 2897 dente,
725 2819 860 2902 capillo:

128 2914 183 2978 Sic
197 2914 255 2996 qui
268 2915 423 2996 promittit
435 2916 532 2995 cives,
551 2917 671 3009 lerem
686 2918 748 2978 sibi
762 2937 867 2995 curae,

129 3012 305 3095 Imperium
319 3011 384 3075 fore
398 3024 431 3074 et
444 3013 575 3077 ltaliam
588 3025 621 3076 et
634 3015 769 3078 delubra
783 3015 925 3095 deorum,
1110 3019 1151 3082 35

129 3111 207 3180 Quo
220 3122 310 3194 patro
323 3112 366 3174 sit
379 3122 485 3191 natus,
501 3133 583 3176 num
597 3115 707 3195 ignota
722 3125 823 3178 matre
839 3116 1037 3195 inhonestus,

130 3209 254 3272 Omnes
267 3210 418 3273 mortales
431 3231 544 3274 curare
557 3223 590 3274 et
603 3232 754 3294 quaerere
768 3215 907 3296 cogit.—

12 3357 14 3363 ,
130 3308 238 3389 Tune,
252 3310 337 3391 Syri,
352 3311 488 3394 Damae,
503 3321 562 3375 aut
576 3312 716 3395 Dionysi
731 3313 827 3394 lilius,
843 3315 945 3378 audes

134 3407 273 3493 llejicere
288 3430 305 3471 e
321 3429 402 3472 saxo
416 3410 504 3472 cives
519 3421 576 3473 aut
591 3413 716 3475 tradere
732 3413 857 3476 Cadmo
866 3415 924 3478 1-

248 3593 286 3641 13.
303 3592 386 3656 pulsus
396 3595 447 3643 fult.
516 3596 552 3646 15.
570 3612 641 3658 quem
652 3580 725 3646 nosti.
793 3597 832 3648 18.
850 3597 921 3660 longe
934 3598 1038 3662 letalde.

187 3672 228 3722 25.
245 3673 376 3724 tribunum.
442 3676 483 3724 29.
501 3675 549 3734 hic,
560 3687 601 3726 eut
614 3694 676 3738 quo;
693 3678 741 3735 hic,
752 3688 776 3726 et
788 3694 841 3740 quo.
906 3681 946 3729 ³1.
966 3679 998 3728 Et
1009 3677 1097 3738 ernist.

499 3759 538 3806 ³5.
558 3759 663 3810 Italiam.
675 3760 780 3809 delubra.
