2742 4250
438 256 489 309 rra
513 257 611 308 reru
635 257 802 310 corrues:
1052 243 1124 313 299

85 372 91 413 Ι
111 416 307 500 Antiphaten
322 415 532 498 Scyllamque
546 425 669 492 etcum
684 416 826 499 Cyclope
841 416 1030 500 Charybdin
1042 440 1049 500 ξ
1060 412 1124 486 '145

108 516 174 581 Nee
189 514 330 588 reditum
346 515 513 581 Diomedis
528 516 571 578 ab
584 516 714 578 interitu
729 516 893 599 Meleagri,
966 562 968 566 ,
1007 586 1010 590 Δ

52 625 71 685 ll
108 616 174 680 Nec
190 615 320 698 gemino
335 615 458 686 bellum
473 615 654 697 Trojanum
670 613 791 677 orditur
805 617 848 679 ab
861 636 944 699 ovo;
1043 664 1046 668 ι

108 717 239 798 Semper
254 713 298 777 ad
313 723 467 776 eventum
479 712 620 794 festinat,
636 715 717 776 etin
731 713 856 777 medias
870 735 928 795 res,
955 735 957 739 ’

108 815 181 879 Nou
196 833 346 886 secusac
361 823 463 892 notas,
479 811 659 880 auditorem
675 815 766 895 rapit,
782 825 814 876 et
827 834 912 896 quae

109 901 264 996 Desperat
279 922 415 976 tractata
429 912 583 976 nitescere
598 931 700 994 posse,
716 913 876 996 relinquit,
950 963 953 968 .
1067 916 1124 977 15ss

109 1016 214 1095 Atque
229 1013 274 1075 ita
289 1012 451 1091 mentitur,
468 1012 514 1074 sie
529 1012 612 1074 veris
626 1011 711 1075 salsa
725 1013 884 1094 remiscet,

45 1141 58 1184 ·,
108 1113 214 1175 Primo
229 1133 270 1186 ne
285 1111 438 1191 medium,
454 1110 560 1174 medio
574 1131 616 1174 ne
630 1111 788 1194 discrepet
802 1113 916 1176 imum.

29 1241 34 1246 ·
108 1213 171 1292 Tu,
187 1212 267 1294 quid
281 1231 341 1294 ego
356 1221 388 1274 et
401 1211 541 1294 populus
555 1229 686 1274 meeum
701 1211 866 1293 desideret,
882 1214 970 1278 audi.
1022 1227 1028 1283 ζ

106 1315 143 1377 Si
157 1313 318 1396 plausoris
332 1331 408 1394 eges
422 1311 727 1392 aulaeamanentis,
742 1323 774 1375 et
789 1332 893 1394 usque

106 1413 244 1492 Sessuri,
260 1412 364 1475 donec
379 1421 499 1491 cantor,
515 1411 581 1474 Vos
595 1411 859 1494 plauditedicat,
884 1459 887 1463 ψ
1006 1407 1009 1412 ’
1067 1415 1126 1478 lob

109 1512 232 1577 Aetatis
246 1513 404 1595 cujusque
420 1510 553 1574 notandi
567 1512 717 1575 'strnttibi
732 1531 844 1593 mores,
911 1578 917 1583 ,
1092 1524 1095 1529 ’

27 1626 45 1654 ·’
111 1613 348 1693 Mobilibusque
364 1611 460 1677 decor
472 1611 595 1674 naturis
610 1610 740 1674 dandus
754 1611 786 1675 et
800 1615 905 1677 annis.

111 1710 255 1777 Reddere
269 1711 326 1793 qui
342 1730 438 1773 voces
448 1711 518 1793 jum
534 1711 593 1773 scit
607 1729 696 1793 puer,
711 1720 743 1772 et
757 1711 838 1792 pede
852 1723 938 1776 certo

106 1811 224 1892 Signat
238 1810 644 1893 humuungestitparibus
659 1809 829 1889 colludere,
843 1821 878 1872 et
891 1812 972 1874 iram
996 1804 999 1811 ’
1031 1830 1035 1836 ’
1071 1804 1073 1808 ’

106 1910 241 1992 Colligit
257 1930 296 1972 ac
311 1909 401 1992 ponit
415 1918 540 1988 temere,
550 1919 589 1972 et
602 1914 749 1988 mutatur
762 1909 796 1971 in
811 1909 917 1972 boras
961 1907 964 1911 ’
1068 1904 1127 1976 rou

108 2009 264 2074 imberbis
275 2007 563 2092 juvenis,'tandem
577 2007 711 2071 custode
726 2017 855 2087 remoto,
905 2057 909 2062 .
949 2077 952 2081 ,
993 2041 994 2047 1
1040 2023 1042 2027 ’

18 2135 20 2153 >
106 2109 239 2173 Gaudet
252 2109 345 2192 equis
359 2110 608 2191 canibusque-et
621 2109 720 2193 aprici
735 2110 879 2193 gramine
893 2110 1009 2194 campi,
1030 2102 1032 2106 ’

107 2212 230 2281 Cereus
247 2210 280 2273 in
295 2210 411 2279 vitium
427 2208 520 2289 flecti,
536 2210 746 2273 monitoribus
760 2230 861 2293 asper,
965 2245 967 2248 ·

107 2308 248 2374 Utilium
264 2309 375 2372 tardus
390 2309 541 2391 provisor,
557 2309 709 2392 prodigus
724 2310 816 2389 aeris,

107 2410 265 2473 Sublimis
280 2408 483 2491 cupidusque
498 2418 530 2471 et
544 2420 653 2473 amata
669 2410 847 2491 relinquere
861 2412 983 2492 pernix.
1065 2412 1126 2474 165

108 2510 283 2573 Conversis
299 2509 413 2573 studiis
428 2520 517 2572 aetas
531 2509 727 2592 animusque
742 2509 843 2573 virilis
900 2506 903 2509 ’

108 2610 250 2680 Quaerit
264 2629 341 2692 opes
355 2620 387 2671 et
402 2609 569 2687 amicitias,
586 2598 717 2671 inservit
732 2609 853 2689 honori,

108 2709 317 2773 Commisisse
332 2719 435 2788 cavet,
450 2708 538 2790 quod
554 2728 632 2789 mox
647 2708 772 2772 mutare
789 2709 918 2771 laboret.
1017 2751 1021 2755 -

108 2807 216 2873 Multa
231 2828 342 2871 senem
356 2808 616 2871 circumveniunt
631 2808 850 2889 incommoda3
874 2808 926 2870 vel
940 2808 1027 2889 quod

108 2906 256 2985 Quaerit,
271 2917 303 2969 et
317 2907 457 2971 inventis
472 2908 568 2969 miser
582 2907 723 2970 abstinet
739 2926 778 2969 ac
794 2907 884 2969 timet
899 2908 956 2987 uti,
1068 2907 1126 2971 tro

112 3006 167 3070 Vel
183 3005 271 3087 quod
286 3025 335 3069 res
350 3025 465 3069 omues
479 3006 590 3069 timide
605 3005 958 3088 gelidequeministrat,

110 3105 244 3184 Dilator,
260 3125 315 3187 spe
331 3105 456 3191 longus,
473 3106 565 3185 iners,
581 3105 763 3187 avidusque
778 3104 886 3186 futuri,

110 3203 268 3284 Difficilis,
284 3205 447 3287 querulus,
464 3203 612 3270 laudator
627 3205 776 3287 temporis
790 3206 854 3271 acti

109 3306 151 3369 Se
167 3324 273 3387 puero,
289 3304 462 3386 castigator
476 3324 651 3385 censorque
666 3305 838 3369 minorum.
906 3371 909 3376 ⁴

18 3464 19 3489 ,
113 3404 215 3467 Multa
230 3402 338 3466 lerunt
352 3404 430 3468 anni
446 3405 610 3467 venientes
624 3403 796 3475 commoda
811 3398 963 3486 secum‚'
1021 3448 1024 3453 -
1068 3406 1124 3471 1Τὸ

18 3492 19 3561 l
113 3501 215 3565 Multa
231 3500 415 3564 recedentes
430 3500 595 3566 adimunt..
631 3501 681 3565 Ne
697 3499 774 3565 forte
790 3503 907 3567 seniles

130 3732 175 3781 157
200 3733 312 3788 oraturia,
378 3734 431 3783 172.
449 3750 490 3795 epe
504 3734 591 3792 lentus,
603 3734 633 3783 de
644 3736 721 3799 conj.‚·
738 3734 791 3783 ibid
811 3734 990 3796 pavidnsque-
1004 3742 1034 3783 de
1045 3736 1108 3799 corp'.

343 3814 375 3866 15
565 3841 567 3844 ·
