2742 4250
445 274 497 326 oa
520 275 619 326 rara
642 275 807 326 roanos.
1060 255 1133 325 305

94 433 296 516 ,Pemipiaut
309 432 411 496 animi
425 431 553 513 dociles,
569 442 764 516 teneantque
779 431 911 496 fideles:

101 535 222 598 Omne
236 551 477 616 supervacuum
490 533 587 614 pleno
600 533 641 596 de
656 543 781 615 pectore
797 543 918 596 manat

103 635 209 698 Ficta
223 633 401 716 voluptatis
415 652 517 696 causa
531 634 596 696 sint
610 633 758 716 proxima
772 633 875 695 veris:

105 734 174 814 Ne,
188 732 409 814 quodcunque
422 731 517 812 volet,
533 744 642 814 poscat
658 732 719 794 sibi
734 731 847 795 fabula
860 730 955 810 credi,

106 833 190 898 Neu
203 851 341 915 pransae
355 831 492 894 Lamiae
505 832 621 894 vivum
635 851 773 914 puemm
788 831 938 894 extrahat
952 830 1035 893 alvo.
1072 829 1137 892 31ss

105 932 290 996 Centuriae
302 931 469 996 saniorum
480 932 606 1014 agitant
619 932 766 1013 expertia
780 930 890 1014 frugis,

107 1032 202 1095 Celsi
218 1041 423 1114 praetereunt
435 1041 564 1094 austera
580 1041 730 1114 poemata
744 1031 908 1096 Ramnes:

107 1133 224 1194 Omne
238 1131 313 1193 tulit
326 1141 496 1213 punctum,
511 1131 570 1213 qui
583 1131 714 1213 miscuit
729 1129 808 1194 utile
822 1130 920 1211 dulci,

108 1231 285 1296 [rectorem
298 1229 489 1300 delectando
504 1231 684 1312 pariterque
699 1229 869 1294 mouendo.

109 1332 180 1394 Hic
195 1341 295 1393 meret
308 1351 384 1392 aera
397 1330 477 1395 liber
489 1330 599 1410 Sosiis,
616 1331 717 1394 hicet
732 1349 821 1393 mare
835 1329 958 1408 transit,
1074 1327 1137 1392 eto

115 1431 161 1495 Et
177 1431 313 1513 longum
326 1441 403 1494 noto
416 1430 560 1513 scriptori
575 1441 723 1512 prorogat
737 1449 867 1493 aerum.

110 1532 203 1595 Sunt
216 1531 335 1593 delicta
349 1541 468 1610 tamen,
481 1530 602 1612 quibus
616 1531 778 1612 ignovisse
794 1530 943 1593 velimus.

114 1631 206 1695 Nam
221 1647 326 1712 neque
340 1630 463 1696 chorda
483 1649 602 1695 sonum
622 1629 735 1709 reddit,
751 1649 849 1710 quem
872 1630 944 1693 vuit
968 1648 1085 1692 manue
1107 1637 1137 1692 et

245 1750 346 1810 mens,

118 1829 333 1910 poscentique
348 1849 480 1910 gravem
495 1849 647 1912 persaepe
660 1829 793 1892 remittit
807 1839 959 1907 aeutum3

115 1930 188 1993 Nec
202 1945 328 2011 semper
343 1927 440 2008 feriet,
454 1929 674 2012 quodcunque
689 1928 872 2008 minabitur,
888 1947 992 1991 arcus.
1075 1927 1139 1990 350

119 2030 248 2108 Verum,
265 2029 319 2091 ubi
335 2028 429 2110 plura
443 2029 596 2094 nitentia
609 2029 761 2110 eamrine,
778 2047 843 2092 non
857 2047 917 2110 ego
932 2025 1043 2109 paucis

115 2128 275 2194 Offendar
289 2129 436 2209 maculis,
451 2150 534 2212 quas
548 2141 607 2194 aut
621 2130 749 2195 incuria
763 2128 849 2193 fudit

118 2230 186 2293 Aut
201 2229 349 2291 humana
363 2249 478 2311 parum
493 2230 580 2295 cavit
594 2238 721 2293 natura.
765 2228 858 2297 Quid
872 2246 947 2312 ergo
962 2226 1034 2290 esti

118 2328 163 2393 Ut
178 2328 310 2410 scriptor
323 2330 351 2393 si
367 2339 478 2411 peccat
492 2328 579 2415 idem
595 2329 743 2394 librarius
758 2348 871 2411 usque,

116 2428 285 2497 Quamvis
299 2439 349 2491 est
364 2428 513 2509 monitus,
529 2428 626 2492 venia
639 2439 748 2511 caret3
771 2439 808 2491 ut
823 2426 1027 2491 citharoedus
1075 2426 1138 2489 355

116 2526 264 2607 Ridetur,
278 2528 401 2591 chorda
414 2529 472 2610 qui
486 2548 614 2614 semper
625 2530 752 2592 oberrat
766 2528 899 2591 eadem:

116 2628 175 2691 Sic
190 2628 279 2707 mihi,
295 2628 352 2710 qui
367 2628 509 2693 multum
521 2639 635 2708 cessat,
651 2628 690 2692 fit
703 2618 871 2692 Choerilus
886 2627 949 2706 ille,

116 2728 232 2796 Quem
246 2727 297 2790 bis
311 2739 398 2791 terve
413 2728 536 2791 bonurn
550 2746 628 2791 oum
640 2729 709 2790 risu
724 2727 837 2807 miror3
861 2736 893 2788 et
908 2725 992 2788 idem

118 2826 282 2908 indignor,
297 2826 493 2909 quandoque
507 2827 614 2894 bonus
628 2826 780 2889 donnitat
794 2825 964 2887 Homerus

58 2925 60 2929 ’
118 2927 241 2990 Verum
256 2927 341 3009 operi
357 2927 453 3010 longo
466 2925 518 2993 faa
532 2934 581 2991 est
595 2912 744 3009 obrepere
759 2942 920 2988 somnum.
1076 2922 1139 2989 360

119 3026 164 3090 Ut
178 3025 312 3109 pictura,
327 3027 450 3110 poesis:
472 3027 531 3091 erit
545 3046 638 3108 quae,
654 3028 682 3089 si
697 3025 826 3109 propius
841 3034 914 3103 stes,

118 3126 172 3189 Te
186 3126 295 3208 capiat
308 3126 422 3208 magis,
437 3136 470 3190 et
483 3126 655 3209 quaedam,
671 3126 700 3189 si
714 3125 843 3208 longius
857 3124 982 3188 abates:

120 3223 211 3292 Haec
226 3236 316 3288 amat
329 3227 522 3291 obscurum:
544 3226 633 3290 voiet
644 3227 728 3289 haec
740 3226 803 3289 sub
817 3224 890 3287 luoe
904 3224 1015 3303 videri,

120 3326 138 3391 J
140 3324 245 3388 udicis
259 3335 412 3407 argutum
425 3334 515 3407 quae‘
525 3346 592 3389 non
606 3324 758 3388 formidat
772 3344 929 3407 acumem

123 3426 211 3487 ilaec
226 3424 347 3506 placuit
362 3426 472 3507 semel,
485 3424 691 3489 baeodeeies
704 3425 837 3507 repetita
852 3424 998 3506 placebit.
1074 3422 1136 3484 305

121 3525 150 3586 Ο
166 3525 267 3609 major
276 3526 448 3609 juvenum,
463 3525 616 3608 quarn'via
630 3534 662 3587 et
676 3544 755 3587 voce
770 3535 902 3608 paterna

493 3755 550 3805 360.
569 3770 641 3817 opere
651 3755 677 3803 in
689 3751 769 3817 longo.
