2742 4250
446 271 557 321 amna
582 273 620 324 ru
670 274 698 325 a
724 274 775 325 rr.
1037 254 1103 323 231

90 431 158 499 Nec
173 449 255 493 sum·
263 428 408 493 facturus
423 429 500 491 vitio
514 430 653 513 culpave
668 429 842 511 minoram3

87 531 126 594 Si
138 549 273 592 veneror
288 529 407 593 stultus
422 529 504 591 nibil
518 531 654 593 horum:
677 531 708 593 Ο
723 530 750 592 si
765 525 908 612 angulus
923 528 977 592 ille

88 629 262 692 Proximus
278 628 419 707 accedat,
435 629 492 710 qui
507 649 596 691 nunc
610 629 778 692 denormat
793 629 956 710 agellum!

86 729 118 792 O
135 729 163 791 si
178 748 295 790 umam
308 729 432 809 argenti
448 727 512 790 sors
526 747 612 809 quae
627 729 708 790 mihi
723 738 891 803 monstret,
902 739 940 790 ut
953 727 1008 807 illi,
1070 728 1109 790 10

86 828 262 891 Thesauro
277 827 408 889 invento
423 827 480 908 qui
495 828 712 889 mercenarius
726 845 841 908 agrum

88 928 188 990 lllum
204 927 312 1008 ipsum
326 936 487 988 mercatus
501 926 614 1005 aravit,
631 925 723 988 dives
737 926 842 988 amico

87 1026 245 1091 llcrcule!
269 1027 305 1106 si,
320 1024 408 1108 quod
423 1025 523 1104 adest,
537 1038 665 1107 gratum
675 1027 786 1109 juvat:
809 1027 871 1088 hac
886 1045 978 1109 prece
993 1037 1024 1088 te
1039 1045 1108 1089 cro·

86 1126 215 1207 Pingue
231 1145 330 1207 pecus
345 1124 476 1187 domino
492 1123 602 1204 facias,
618 1135 649 1187 et
663 1134 777 1204 cetera,
794 1137 918 1207 praeter

86 1224 271 1306 Ingenium,
287 1234 388 1305 utque
403 1223 494 1304 soles,
510 1235 619 1287 custos
635 1225 715 1286 mihi
731 1225 896 1288 maximus
911 1224 1007 1287 adsis.
1068 1227 1107 1288 15

86 1325 186 1405 Ergo,
202 1324 258 1387 ubi
274 1344 325 1385 me
340 1325 374 1386 in
389 1335 515 1386 montes
529 1335 562 1386 et
576 1323 610 1386 in
625 1344 733 1386 arcem
747 1345 789 1386 cx
805 1324 892 1388 Urbe
905 1325 1036 1404 removi,

84 1423 183 1492 Quid
198 1425 286 1505 prius
302 1423 459 1485 illustrem
472 1423 587 1487 Satiris
602 1423 765 1505 Musaque
779 1423 940 1506 pedestrit

87 1523 157 1586 Nec
174 1523 261 1585 mala
277 1543 329 1586 mc
344 1523 476 1585 ambitio
490 1523 593 1606 perdit
608 1542 668 1586 nec
683 1523 856 1604 plumbeus
871 1523 989 1586 Auster

85 1624 362 1704 Auctumuusque
377 1622 493 1704 gravis,
509 1622 670 1685 Libitinae
684 1634 841 1704 quaestus
855 1624 998 1686 acerbae.

86 1723 252 1788 Matutine
268 1732 365 1805 pater,
381 1742 439 1785 seu
453 1722 537 1786 Jane
552 1722 705 1786 libentius
719 1722 823 1802 audis,
1066 1724 1110 1785 2⁰

86 1822 186 1888 Unde
201 1823 348 1884 homines
363 1842 495 1904 operum
509 1822 628 1905 primos
644 1823 795 1904 vitaeque
809 1822 933 1884 labores

90 1922 366 1999 [nstituunt,—sic
381 1921 433 1982 drs
447 1920 682 2003 placitum-tu
697 1920 850 1983 carminis
863 1931 932 1982 esto

89 2021 297 2102 Principium.
342 2020 465 2082 Rornae
480 2039 665 2103 sponsorem
680 2039 733 2082 me
748 2019 852 2102 rapis:
876 2019 948 2097 Eia,

87 2121 138 2185 Nc
154 2120 238 2203 prior
251 2118 356 2183 officio
370 2119 545 2201 quisquam
560 2119 759 2202 respondeat,
775 2118 872 2201 urge!

87 2222 167 2285 Sive
182 2219 300 2301 Aquilo
315 2218 397 2282 radit
412 2230 518 2298 terras,
536 2240 592 2282 seu
609 2220 725 2283 bruma
740 2217 883 2282 nivalem
1066 2218 1109 2281 25

90 2320 241 2383 Interiora
255 2319 342 2381 diem
358 2339 438 2401 gyro
454 2320 568 2399 trahit3
592 2319 636 2381 irc
652 2338 783 2381 necesse
797 2330 855 2381 est

91 2418 272 2500 Postmodo,
287 2419 375 2500 quod
390 2429 435 2481 ml
450 2420 541 2497 obsit,
556 2418 641 2481 clare
656 2430 845 2501 certumque
861 2419 973 2497 locuto,

89 2519 299 2584 Luctandum
315 2520 347 2582 in
363 2520 457 2581 turba
470 2530 503 2581 et
518 2518 666 2582 facienda
681 2518 797 2602 injuria
812 2518 921 2581 tardis,

90 2619 184 2690 Quid
199 2619 258 2698 vis,
273 2619 395 2698 insane,
411 2631 443 2681 et
457 2638 539 2701 quas
555 2638 604 2681 res
619 2618 714 2700 agisl
736 2618 900 2700 improbus
915 2628 1008 2699 urget

90 2719 184 2781 lratis
200 2718 364 2799 precibusq
389 2728 424 2779 tu
439 2716 548 2800 pulses
561 2736 666 2797 omne,
682 2717 770 2799 quod
785 2718 898 2796 obstat,
1067 2714 1110 2781 30

90 2817 142 2882 Ad
160 2817 381 2880 Maecenatem
395 2816 528 2880 memori
543 2816 570 2880 si
586 2826 694 2881 mente
708 2834 905 2881 recurras.-

92 2917 162 2980 Hoc
171 2917 268 2999 juvat
281 2924 313 2977 et
327 2914 415 2978 melli
430 2924 496 2996 est3
520 2935 585 2978 non
600 2916 755 2997 mentiar;
778 2926 813 2978 at
826 2916 924 2978 simul
940 2926 1026 2978 atras

24 3044 29 3055 ·
94 3015 232 3079 lentum
247 3026 296 3077 cst
311 3014 486 3096 Esquilias,
502 3015 608 3077 aliena
623 3016 752 3097 negotia
766 3024 898 3078 centum

94 3116 152 3178 Per
166 3125 264 3197 caput
278 3125 310 3176 et
324 3114 409 3177 circa
424 3114 546 3177 saliunt
561 3114 655 3177 latus.
700 3116 785 3177 Ante
799 3116 978 3181 secundam

95 3214 230 3277 Roscius
245 3215 356 3277 orabat
371 3215 431 3277 sibi
448 3214 578 3276 adesses
593 3214 635 3276 ad
652 3215 766 3277 Puteal
781 3235 907 3277 cras-
1068 3217 1108 3280 at

95 3315 141 3375 lle
158 3334 190 3375 re
204 3313 370 3376 communi
385 3314 506 3376 scribae
522 3333 642 3395 magna
657 3324 756 3396 atque
769 3334 856 3377 nova
871 3325 902 3376 te

94 3414 237 3475 [trabant
252 3412 347 3475 bodie
361 3413 573 3493 meminisses
589 3414 725 3493 Quinte,
738 3415 905 3477 reverti.-

95 3512 253 3597 lmprimat
268 3516 327 3598 his,
340 3536 427 3595 cura,
441 3514 613 3577 Maecenas
629 3505 722 3596 signa
738 3514 918 3577 tabellis.-

548 3744 587 3796 10.
604 3760 657 3807 qua.
