2742 4250
484 249 596 301 LIBER
619 251 644 302 1.
698 251 725 303 S.
751 253 802 305 Ν.
1072 243 1142 313 185

119 414 246 497 Scripta
260 412 328 476 soro
343 411 484 487 recitent,
500 421 579 474 sunt
592 411 696 491 multi,
712 431 833 494 quique
848 413 1013 478 lavantes:
1102 419 1142 480 75

50 530 56 599 5
118 515 229 578 Suave
244 513 337 575 locus
351 512 425 575 voci
439 521 566 574 resonat
580 511 926 576 conclusus—Inanes

22 626 27 666 t
49 644 53 663 ι
118 614 189 677 Ηοο
199 615 305 697 juvat,
322 611 412 674 haud
427 611 511 674 illud
526 623 726 693 quaerentes
743 632 824 675 num
840 613 910 676 sine
925 633 1032 693 sensu,

118 714 281 795 ¹Tempore
297 711 514 775 num'faciant
527 712 829 775 alienu—Laedere
841 713 973 794 gaudes,

118 813 238 895 lnquit,
254 824 286 875 et
300 813 361 874 lroc
376 811 483 875 studio
498 831 619 893 pravus
634 810 864 875 facis-Unde
879 813 1016 896 petitum

42 984 49 1005 ·
118 911 189 974 Hoc
204 912 239 974 in
254 931 308 974 me
317 910 425 995 jacis?
447 920 496 973 est
509 920 622 973 auctor
635 911 710 992 quis
724 909 865 992 denique
880 932 1001 991 eorum,
1099 914 1140 976 80

119 1011 195 1072 Vixi
209 1030 289 1072 cum
302 1010 445 1092 quibus?
490 1011 668 1073 Absentem
682 1010 741 1090 qui
756 1009 838 1072 rodit
852 1011 1005 1090 amicum,

19 1124 23 1179 ἶ
117 1110 188 1179 Qui
203 1129 272 1172 non
286 1109 429 1172 defendit
444 1109 507 1172 alio
522 1109 684 1191 culpante,
701 1109 822 1170 solutos

116 1210 188 1279 Qui
202 1219 313 1292 captat
327 1211 412 1272 risus
427 1209 598 1271 hominum
613 1206 802 1289 famamque
817 1208 947 1290 dicacis

117 1309 258 1390 Fingere
272 1309 410 1390 quinon
424 1308 496 1370 visa
510 1317 622 1389 potest,
637 1307 813 1370 commissa
827 1318 931 1372 tacere

116 1409 188 1478 Qui
202 1409 334 1489 nequit:
356 1408 410 1469 bic
424 1408 515 1489 niger
528 1417 586 1487 est,
602 1407 692 1469 hunc
707 1416 751 1487 tu,
768 1407 924 1489 Romane,
940 1417 1064 1476 caveto.
1098 1409 1139 1475 86

117 1508 225 1588 Saepe
240 1508 341 1570 tribus
355 1506 446 1568 lectis
460 1506 573 1569 videas
588 1526 724 1570 coenare
738 1511 919 1589 quaternos,

117 1606 147 1670 E
163 1607 284 1688 quibus
299 1626 386 1669 unus
401 1616 476 1670 avet
491 1607 609 1689 quavis
623 1606 813 1688 adspergere
827 1620 970 1688 cunctos,

116 1707 247 1768 Praeter
254 1727 341 1786 eum,
351 1707 407 1788 qui
416 1708 546 1788 praebet
556 1726 693 1788 aquam:
708 1718 787 1789 post,
799 1708 888 1770 hune
898 1728 1026 1790 queque
1035 1719 1137 1790 potus,

115 1805 258 1868 Condita
273 1826 351 1869 cum
363 1795 467 1868 'verax
482 1808 583 1888 aperit
597 1807 781 1888 praecordia
796 1808 899 1870 Liber.

114 1906 179 1968 Hic
195 1906 254 1968 tibi
269 1906 370 1969 comis
385 1917 417 1969 et
431 1907 577 1968 urbanus
592 1907 735 1988 liberque
750 1907 884 1986 videtur,
1097 1908 1138 1970 90

115 2005 239 2068 Insesto
253 2007 372 2087 nigris:
395 2027 454 2088 ego
469 2006 497 2069 si
513 2006 575 2086 risi,
591 2006 681 2088 quod
696 2007 824 2089 irreptus

116 2105 268 2170 Pastillos
282 2105 426 2170 Rufillus
440 2106 513 2187 olet,
529 2106 714 2189 Gargonius
729 2107 864 2187 hircum,

115 2205 255 2269 Lividus
270 2217 301 2269 et
315 2206 454 2269 mordax
468 2202 579 2269 videor
593 2207 675 2270 ubit
718 2208 841 2271 Mentio
857 2208 884 2270 si
898 2227 964 2290 qua

115 2308 166 2369 De
182 2306 358 2388 Capitolini
372 2305 464 2369 furtis
478 2307 595 2391 injecta
609 2307 716 2370 Petilli

113 2406 167 2469 'I'e
181 2426 292 2468 coram
307 2405 411 2487 fuerit,
426 2405 593 2487 defendas,
609 2418 647 2469 ut
661 2418 739 2469 tuus
754 2417 803 2469 est
816 2427 904 2471 mos:
1094 2407 1135 2469 95

113 2506 170 2569 Me
185 2505 390 2588 Capitolinus
404 2506 587 2569 convictore
602 2526 683 2569 usus
699 2506 868 2588 amicoque

112 2606 144 2668 A
157 2624 259 2687 puero
273 2615 330 2685 est,
344 2624 510 2687 causaque
525 2625 599 2667 mea
613 2607 774 2687 permulta
788 2617 919 2688 mgatus

113 2705 217 2785 Fecit,
232 2715 273 2785 et,
288 2704 460 2767 incolumis
475 2705 576 2768 laetor
589 2706 678 2787 quod
693 2706 775 2769 vivit
789 2706 824 2769 in
838 2707 942 2770 Urbe:

111 2804 181 2868 Sed
196 2814 304 2867 tamen
320 2804 467 2885 admiror,
482 2824 548 2886 quo
563 2814 656 2888 pacto
665 2804 828 2889 judicium
842 2803 924 2867 illud

114 2905 257 2987 Fugerit
301 2904 365 2967 Hic
378 2905 490 2987 nigrae
504 2924 624 2969 succus
638 2903 788 2986 loliginis,
804 2904 885 2966 haec
900 2914 948 2965 est
1072 2904 1133 2966 100

113 3006 243 3086 Aerugo
258 3024 367 3067 mera:
389 3003 476 3085 quod
491 3004 610 3066 vitium
624 3002 736 3085 procul
750 3000 858 3065 abfore
873 3000 993 3065 chartis

112 3105 222 3186 Atque
237 3105 347 3166 animo
360 3103 458 3185 prius,
473 3112 511 3165 ut
525 3102 553 3164 si
567 3101 648 3183 quid
661 3102 842 3184 promittere
857 3102 897 3163 de
912 3120 964 3164 me

114 3202 254 3266 Possum
269 3202 359 3265 aliud
373 3222 456 3281 vere,
472 3202 629 3284 promitto.
674 3202 822 3265 Liberius
837 3202 865 3264 si

114 3302 236 3365 Dixere
249 3301 337 3384 qnid,
353 3302 382 3364 si
396 3300 475 3364 forte
485 3301 636 3384 jocosius,
651 3301 713 3363 hoc
728 3301 809 3363 mihi
819 3300 901 3385 juris

113 3403 200 3464 Cum
214 3401 313 3464 venia
327 3400 429 3463 dabis
474 3400 620 3463 Insuevit
636 3409 726 3481 pater
741 3400 881 3483 optimus
896 3400 957 3461 hoc
972 3418 1043 3480 rne;
1072 3401 1130 3463 rua

116 3498 145 3565 tl
147 3511 159 3563 t
174 3498 320 3583 fugerem
335 3500 494 3583 exemplis
509 3500 661 3562 vitiorum
675 3519 824 3582 quaeque
839 3498 990 3562 notando.

278 3729 317 3778 ts.
336 3729 424 3792 inquis.
492 3730 532 3781 st.
550 3739 624 3788 amet,
637 3729 754 3779 Orellius.
822 3728 876 3778 100.
895 3728 968 3777 fuera
