2742 4250
412 307 523 356 amna
548 308 601 357 111.
652 307 812 359 oxxrn
945 312 948 316 ’
1052 295 1119 365 111

230 464 449 529 Fastidiosam
463 464 572 527 desere
587 465 714 546 copiam
729 475 760 527 et

229 563 350 627 Molem
365 564 579 646 propinquam
595 565 737 626 nubibus
751 564 881 629 arduis:
1082 569 1122 630 10

271 662 393 726 Omitte
407 663 515 725 mirari
530 664 642 726 beatae

314 763 461 825 Fumum
476 774 508 825 et
522 782 598 845 opes
614 765 846 846 strepitumque
860 765 984 828 Romae

230 961 426 1043 Plerumque
441 972 550 1044 gratae
564 961 719 1026 divitibus
735 962 830 1042 vices,

228 1061 438 1143 Mundaeque
453 1080 553 1144 parvo
567 1062 630 1124 sub
645 1061 711 1124 lare
725 1082 906 1145 pauperum

270 1163 408 1242 Coeum,
424 1161 493 1224 sine
508 1160 633 1223 aulaeis
646 1171 679 1224 et
693 1173 786 1242 ostro,
1083 1164 1121 1226 15

313 1260 492 1324 Sollicitam
506 1259 690 1343 explicuere
704 1259 849 1324 frontem

229 1460 303 1524 Jam
319 1459 427 1522 clarus
442 1459 607 1522 occultum
623 1459 847 1522 Andromedae
862 1470 952 1543 pater

229 1559 379 1622 Ostendit
393 1559 511 1642 ignem,
522 1560 592 1643 jam
607 1558 755 1641 Procyon
769 1558 846 1623 furit

272 1658 316 1721 Et
331 1659 423 1721 stella
438 1658 551 1721 vesani
566 1657 694 1738 Leonis,

313 1759 387 1823 Sole
402 1756 471 1821 dies
486 1758 637 1821 reserent(
656 1759 776 1821 siccos:

230 1958 304 2021 Jam
318 1967 426 2040 pastor
440 1956 572 2019 umbras
586 1975 664 2021 cum
679 1976 775 2039 grege
790 1956 947 2038 languido

229 2056 416 2139 Rivumque
431 2054 536 2118 fessus
554 2056 678 2138 quaerit
694 2065 725 2118 et
740 2054 858 2117 horridi

273 2156 415 2218 Dumeta
431 2156 577 2238 Silvani3
601 2169 752 2238 caretque

313 2256 397 2337 nipa
412 2255 505 2337 vagis
521 2255 681 2318 taciturna
694 2255 810 2318 ventis.

229 2453 295 2534 Tu,
310 2453 474 2516 civitatem
489 2454 563 2535 quis
578 2452 691 2516 deceat
704 2463 817 2534 status,
1080 2455 1122 2518 25

231 2553 343 2630 Ouras,
359 2562 391 2615 et
405 2551 485 2617 Urbi
499 2553 654 2616 sollicitus
669 2553 772 2633 times,

271 2651 365 2723 Quid
380 2653 473 2716 Seres
487 2662 519 2714 et
533 2662 667 2734 regnata
682 2653 769 2736 Cyro

314 2753 431 2816 Bactra
444 2762 558 2836 parent
572 2751 764 2833 Tanaisque
777 2752 908 2814 discors.

231 2965 377 3028 Prudens
392 2964 492 3029 futuri
508 2965 657 3047 temporis
672 2965 797 3027 exitum

230 3064 417 3147 caliginosa
431 3074 524 3126 nocte
538 3063 653 3146 premit
667 3062 757 3140 deus,

271 3162 443 3244 Ridetque,
458 3163 486 3226 si
500 3163 644 3225 mortalis
660 3162 745 3224 ultra

314 3263 382 3326 Fas
397 3262 541 3345 trepidat.
586 3260 687 3332 Quod
701 3260 803 3340 adeat,
819 3270 981 3322 memento

230 3478 429 3558 componere
445 3495 589 3557 aequus:
612 3485 718 3538 cetera
733 3472 878 3537 fluminis

230 3575 478 3656 tranferentur,
494 3593 583 3638 nunc
598 3573 705 3644 medio
719 3572 813 3639 alveo

421 3793 462 3842 Μ.
480 3790 561 3840 medio
572 3803 684 3852 aequore,
696 3789 813 3839 Orellittc.
840 3858 845 3868 Ι
