2742 4250
598 584 779 646 OARMEN
808 585 896 647 xlx

558 784 619 825 AD
656 784 934 827 Bacchum.

405 961 573 1027 Bacchum
588 961 622 1024 in
637 961 765 1023 remotis
779 962 924 1024 carmina
938 962 1073 1045 rupibus

404 1061 478 1125 Vidi
492 1060 670 1150 docentem,
686 1058 805 1122 credite
819 1061 944 1143 posteri,

446 1160 683 1242 Nymphasque
699 1158 860 1221 discentes
875 1169 907 1221 et
921 1180 1016 1222 aures

489 1258 708 1343 Capripedum
723 1259 914 1341 Satyrorum
929 1268 1051 1322 acutas.

409 1458 515 1521 Evoe!
537 1457 657 1520 recenti
672 1476 764 1519 mens
780 1456 917 1540 trepidat
931 1467 1030 1536 mein,

404 1557 568 1637 Plenaque
583 1556 705 1619 Bacchi
718 1564 844 1638 pectore
859 1554 1024 1618 turbidum

446 1656 609 1718 Laetatur.
653 1655 765 1717 Evoe!
788 1674 891 1737 parce,
906 1654 1024 1717 Liber!

488 1754 596 1833 Parce,
613 1753 706 1835 gravi
721 1752 892 1816 metuende
909 1753 1038 1835 thyrso!

407 1954 474 2017 Fas
488 1952 672 2035 pervicaces
687 1961 737 2013 est
751 1951 832 2013 mihi
847 1949 1028 2032 Thyiadas

405 2052 545 2134 Vinique
559 2050 691 2132 fontem,
707 2049 801 2112 lactis
816 2058 848 2111 et
862 2050 976 2111 uberes

448 2152 587 2214 Cantare
601 2150 698 2229 rivos,
714 2159 812 2231 atque
826 2148 948 2211 truncis

494 2250 599 2324 {rapsa
614 2249 704 2311 cavis
721 2249 832 2311 iterare
847 2247 962 2329 mella;

408 2450 475 2514 Fas
490 2459 522 2512 et
536 2448 649 2511 beatae
664 2448 810 2532 conjugis
825 2446 974 2511 additum

407 2547 515 2613 Steiiis
530 2548 692 2627 honorem,
708 2557 857 2629 tectaque
872 2545 1008 2610 Penthei

449 2647 592 2731 Disjecta
606 2666 672 2710 non
688 2646 752 2710 leni
767 2646 871 2724 ruina,
964 2623 976 2644 ⁸

491 2746 631 2810 Thracis
646 2755 678 2808 et
693 2745 830 2807 exitium
844 2745 996 2828 Lycurgi.

407 2944 464 3008 'l'u
479 2943 581 3008 flectis
596 2964 718 3024 amnes,
735 2955 771 3007 tu
785 2963 874 3006 mare
889 2943 1071 3023 barbarum,

407 3044 464 3108 Tu
479 3045 633 3130 separatis
647 3043 768 3107 uvidus
783 3043 818 3105 in
828 3043 916 3126 jugis

449 3143 542 3209 Nodo
556 3163 682 3207 coerces
696 3142 839 3224 viperino

492 3241 697 3306 Bistonidum
713 3241 781 3303 sine
796 3241 909 3304 fraude
925 3239 1037 3304 crines.

408 3441 474 3522 Ta,
490 3461 567 3504 cum
581 3442 728 3505 Parentis
743 3460 842 3523 regna
857 3460 912 3522 per
927 3438 1067 3502 arduum

409 3542 532 3605 Cohors
547 3542 728 3624 Gigantum
742 3538 911 3603 scanderet
925 3539 1033 3621 impia,

450 3642 613 3706 Rhoetum
628 3640 780 3704 retorsisti
795 3639 896 3702 leonis

494 3740 667 3823 Unguibus
682 3736 887 3819 horribilique
902 3737 1008 3816 mala3
