2742 4250
543 958 580 1040 Q
609 959 792 1036 HORATII
825 957 978 1036 rtrccl

390 1218 1134 1319 EPISTULARUM

553 1500 692 1567 LIBER
722 1503 961 1568 SECUNDUS

670 1755 847 1766 —n——-

629 1911 843 2007 arrsrom
873 1945 897 2007 r

579 2164 636 2206 An
666 2161 951 2205 AUGUSTUH·

336 2358 416 2424 Onu
433 2366 477 2421 tot
493 2358 654 2422 sustineas
668 2369 701 2421 et
715 2368 806 2421 tanta
821 2358 949 2441 negotia
964 2356 1060 2437 solus,

297 2458 362 2522 Res
377 2459 477 2522 Italas
492 2459 591 2522 armis
607 2459 727 2539 tuteris,
743 2458 887 2522 moribus
900 2478 1002 2538 ornes,

295 2554 437 2641 Legibus
452 2560 613 2638 emendes,
630 2559 662 2621 in
678 2558 810 2642 publiea
824 2558 995 2622 commoda
1008 2577 1151 2641 peccem,

294 2658 329 2721 Si
345 2658 441 2741 longo
456 2676 602 2722 sermone
618 2678 721 2721 morer
736 2669 793 2721 tua
808 2668 959 2740 tempora,
972 2658 1102 2723 Caesar.

298 2758 455 2821 Romulus
470 2768 503 2821 et
517 2758 614 2822 Liber
628 2769 718 2842 pater
732 2768 764 2821 et
778 2778 856 2821 eum
871 2760 1003 2822 Castore
1018 2758 1146 2837 Pollux,
1249 2758 1266 2819 5

296 2858 371 2931 Post
385 2858 530 2941 ingentia
544 2857 632 2921 faeta
647 2857 782 2921 deorum
798 2859 832 2921 iu
847 2858 967 2941 templa
982 2859 1109 2942 recepti,

296 2959 385 3021 Dum
399 2969 498 3022 terras
513 2958 751 3040 hominumque
765 2957 877 3021 colunt
892 2978 1006 3041 genus,
1022 2979 1135 3042 aspera
1154 2959 1235 3023 telin

294 3060 510 3143 (imponunt,
526 3079 620 3142 agros
635 3060 812 3142 assignant,
827 3057 945 3142 oppida
960 3058 1113 3140 condunt,

293 3159 462 3222 Ploravere
477 3160 545 3222 suis
560 3179 626 3223 non
641 3158 831 3243 respondere
845 3158 991 3222 favorem

292 3259 464 3341 Speratum
479 3259 609 3322 meritis.
654 3258 769 3323 Diram
783 3258 841 3341 qui
855 3259 1004 3323 contudit
1018 3258 1167 3341 Hydram
1234 3261 1268 3322 10

294 3358 443 3439 Notaque
458 3356 549 3421 fatali
564 3368 711 3441 portenta
727 3358 833 3422 labore
848 3358 985 3442 subegit,

292 3458 456 3541 Comperit
471 3458 630 3523 invidiam
645 3479 795 3542 supremo
811 3458 876 3522 fine
892 3458 1026 3522 domari.

293 3557 365 3623 Urit
378 3558 467 3622 enim
483 3557 606 3641 fulgore
622 3579 691 3640 suo,
706 3560 764 3641 qui
779 3570 971 3643 praegravat
985 3570 1069 3621 artes

293 3658 380 3723 Infra
395 3680 429 3721 se
445 3660 583 3742 positas;
607 3660 789 3723 exstinctus
804 3660 967 3724 amabitur
981 3658 1076 3722 idern.

294 3758 457 3823 Praesenti
473 3761 528 3823 tibi
546 3771 689 3825 maturos
705 3760 862 3842 largimur
876 3761 1022 3836 honores¹
1234 3758 1267 3818 to
