2742 4250
492 279 603 330 LIBER
628 280 652 332 1.
703 280 733 330 0.
761 281 794 334 V.

137 436 225 504 Nunc
239 447 273 500 et
287 437 321 500 in
339 435 497 499 umbrosis
512 413 631 500 Fauno
645 435 739 499 decet
752 415 920 500 immolare
934 437 1026 520 lucis,

171 538 236 602 seu
251 545 365 620 poscat
379 555 473 618 agna,
490 535 558 599 sive
573 535 665 599 malit
679 535 792 598 haedo.

14 671 19 696 =.
136 635 255 699 Pallida
269 654 355 698 mors
371 653 475 716 aequo
489 634 599 716 pulsat
613 635 694 718 pede
708 654 890 718 pauperum
904 637 1054 700 tabernas

170 737 364 818 Regumque
378 743 489 796 turres.
531 733 563 797 O
578 734 670 821 beate
685 733 779 814 Sesti,

136 834 219 896 Vitae
234 853 366 898 summa
381 833 486 897 brevis
498 852 589 915 spem
601 852 660 897 nos
671 843 760 896 vetat
774 833 925 896 inchoare
936 827 1082 918 longam
1119 835 1157 897 15
1230 864 1233 869 ·

170 933 245 998 Jam
261 943 293 994 te
307 941 430 1015 premet
444 942 520 1011 nox,
532 929 727 1014 fabulaeque
742 932 867 1013 Manes,

136 1031 173 1094 lit
187 1030 307 1094 domus
321 1029 416 1093 exilis
431 1029 602 1113 Plutonia;
625 1049 691 1114 quo
706 1031 804 1094 simul
821 1031 947 1112 meam,
983 1097 986 1102 ,

169 1131 237 1194 Nec
252 1149 354 1212 regna
368 1129 440 1192 vini
453 1133 581 1192 sortiere
595 1131 680 1212 talis,

14 1279 16 1290 .
136 1229 196 1291 ,lec
211 1239 361 1292 tenerum
374 1227 524 1311 Lycidan
539 1228 704 1310 mirabere,
719 1247 785 1311 quo
798 1228 882 1292 celet
891 1230 1048 1314 juventus

168 1327 268 1392 Nune
281 1327 394 1411 omnis,
401 1337 433 1389 et
448 1346 525 1390 mox
540 1327 681 1411 virgines
697 1326 859 1412 tepebunt
1115 1336 1156 1398 20

361 1891 364 1898 .
428 1869 449 1916 a
513 1840 693 1902 eanum
721 1839 758 1902 v.

463 2023 519 2066 nn
557 2011 817 2087 ernanum.

250 2202 338 2274 Quis
352 2202 457 2267 multa
473 2203 601 2286 gracilis
616 2213 647 2266 te
662 2222 742 2286 puer
756 2202 789 2267 in
804 2223 878 2268 rosa

250 2300 406 2367 Perfusus
421 2301 553 2385 liquidis
568 2312 661 2385 urget
680 2302 830 2367 odoribus

291 2401 398 2481 emat,
414 2400 549 2483 Pyrrha,
566 2403 629 2465 sub
643 2403 761 2466 antro?

335 2492 399 2559 Oui
412 2499 536 2563 flavam
548 2500 665 2584 religas
680 2521 817 2582 comam,
864 2498 868 2503 ’
949 2582 954 2590 ι

156 2682 160 2688 ’
249 2696 396 2780 Simplex
412 2696 605 2761 munditiis?
648 2699 724 2762 Heu
739 2700 864 2781 quoties
879 2698 979 2763 fidem
1132 2707 1151 2769 5

249 2796 458 2879 Mutetosque
473 2797 551 2860 deos
566 2797 663 2879 flebit,
680 2808 712 2861 et
727 2819 842 2882 aspera
991 2807 994 2811 ⁴

290 2895 400 2978 Nigris
414 2892 554 2978 aequo'ra
570 2900 676 2961 ventis

333 2994 532 3059 Emirabitur
546 2996 696 3079 insolens,
719 3059 722 3063 .

246 3192 318 3262 Qui
332 3212 422 3256 nune
436 3202 467 3257 te
482 3194 597 3258 fruitur
610 3194 764 3259 credulus
779 3217 895 3278 aurea3

247 3292 317 3362 Qui
332 3290 458 3376 semper
471 3312 621 3374 vacuam,
638 3314 764 3379 semper
778 3296 951 3360 amabilem
1113 3291 1153 3353 10
1261 3335 1263 3339 -

288 3391 410 3473 Sperat,
426 3393 555 3456 nescius
570 3413 668 3457 aurae

330 3491 473 3555 Fallacis
526 3492 643 3575 Miseri,
659 3494 778 3577 quibus

318 3690 357 3740 Γ).
374 3690 610 3753 agnam-haedum.
758 3694 797 3745 19.
815 3692 941 3756 Lycidan.
1008 3708 1011 3711 ’

205 3765 234 3819 fl.
245 3784 267 3821 v.
280 3772 304 3823 b.
323 3770 449 3832 Quotiens.
549 3773 572 3823 8.
590 3784 616 3823 ut
628 3774 770 3835 mirabitu13
786 3774 948 3835 deputabitur,
956 3774 985 3825 de
995 3777 1056 3836 sarr}⁴
