2742 4250
284 250 286 253 ¹
409 262 583 317 LIBERII.
634 266 799 319 oxum

248 420 402 504 Largiora
416 420 535 505 flagito,

288 520 375 585 Satis
389 520 504 585 beatus
519 522 624 586 unicis
639 523 778 588 Sabinis.

247 618 406 682 Truditur
420 618 489 683 dies
503 620 564 701 die,
1078 627 1116 691 15

289 718 467 801 Novaeque
481 731 620 805 pergunt
634 721 760 786 interire
775 722 881 787 lunae.

247 816 304 881 Tu
319 817 461 881 secanda
476 839 637 883 marmora

288 917 393 981 Locas
409 919 471 981 sub
485 919 595 1001 ipsum
611 918 720 1001 sunus,
735 932 775 1002 et,
791 920 929 1005 sepulcri

247 1016 428 1097 Immemor,
445 1019 542 1081 struis
556 1015 677 1100 domos,
1167 1089 1169 1094 ,

288 1116 454 1199 Marisque
469 1118 557 1181 Baiis
573 1119 782 1201 obstrepentis
797 1139 893 1203 urges
1079 1122 1117 1183 δυ

248 1215 459 1279 Summovere
474 1216 575 1297 litora,

289 1314 409 1378 Parum
423 1314 567 1399 locuples
582 1317 767 1380 continente
782 1319 860 1401 ripa.

247 1413 348 1492 Quid,
364 1414 450 1496 quod
466 1434 570 1498 usque
586 1416 749 1499 proximos

289 1512 431 1576 Revellis
447 1515 516 1597 agri
531 1514 693 1597 terminos,
709 1525 741 1578 et
756 1515 841 1580 ultra

247 1611 381 1675 Limites
401 1612 570 1677 clientium

289 1712 375 1776 Salis
390 1714 534 1777 avarus?
576 1713 712 1778 Pellitur
726 1725 875 1799 paternos

247 1812 286 1874 In
302 1812 377 1874 sinu
391 1811 496 1875 ferens
511 1812 587 1875 deos

290 1910 335 1974 Et
349 1931 432 1975 uxor
446 1922 478 1975 et
492 1913 541 1975 vir
556 1912 764 1995 sordidosque
780 1923 882 1977 natos.

248 2009 349 2074 Nulla
362 2012 476 2075 certior
490 2021 600 2076 tamen
617 2044 619 2049 ·

288 2110 430 2196 Rapacis
447 2112 523 2176 Orci
538 2112 604 2176 fine
619 2112 780 2178 destinata

247 2210 335 2274 Aula
349 2210 483 2278 divitem
497 2223 608 2276 manet

289 2311 424 2376 Herum.
447 2312 540 2382 Quid
552 2313 636 2376 ultra
648 2313 777 2377 tendis?
799 2314 914 2398 Aequa
924 2311 1022 2380 tellus

247 2411 386 2494 Pauperi
400 2411 584 2486 recluditur,

289 2511 483 2593 Regumque
496 2513 613 2595 pueris,
629 2533 690 2576 nec
705 2514 832 2577 satelles
848 2513 924 2580 Orci
1198 2566 1200 2569 -

246 2609 413 2674 Callidum
427 2612 619 2676 Promethea
1073 2614 1115 2679 35

288 2711 428 2774 Revexit
441 2731 521 2775 auro
535 2722 659 2796 captus.
703 2714 767 2776 Hic
783 2715 958 2797 superbum

246 2809 429 2876 Tantalum
443 2821 542 2894 atque
556 2812 693 2877 Tantali

289 2913 401 2976 Genus
415 2921 539 2976 coercet
547 2933 555 2995 3
578 2912 632 2976 hic
647 2913 755 2976 levare
770 2911 920 2976 functum

255 3011 431 3094 Pauperem
450 3010 612 3076 laboribus

289 3111 432 3175 Vocatus
448 3122 547 3195 atque
562 3132 629 3176 non
643 3123 780 3178 vocatus
796 3111 895 3178 audit
1074 3113 1115 3178 itt
1236 3127 1242 3129 ’

514 3297 554 3348 25.
573 3294 697 3348 Limitern.
