2742 4250
507 288 626 339 amaa.
676 288 708 339 o.
733 288 785 339 vr.
1078 270 1149 345 tto

260 448 331 512 Post
346 446 509 531 insepulta
522 447 669 510 membra
683 445 831 511 different
845 444 914 529 lupi

236 554 238 562 '
298 548 344 612 Et
359 547 552 629 Esquilinae
567 545 678 627 alitea;
1088 544 1149 607 100

259 647 370 728 Neque
384 646 447 709 hoo
461 656 617 729 parentes,
632 646 699 709 heu
713 644 793 707 mihi
810 643 1004 726 superstites.

296 745 458 828 Effugerit
471 745 720 829 spectaculoru”

510 1336 691 1398 GARMEN
718 1336 775 1398 v1.
798 1428 800 1433 ,

250 1577 341 1649 uuio
355 1578 559 1663 immerentes
574 1576 715 1659 hospites
730 1596 841 1657 vexes,
857 1577 956 1657 oanis,

291 1677 436 1759 Ignarus
452 1675 626 1738 adversum
640 1676 757 1758 rupost

31 1759 32 1798 ³
128 1854 131 1860 1
251 1776 343 1846 Quin
358 1776 423 1838 huo
438 1776 561 1855 inanes,
576 1775 605 1837 si
618 1785 718 1857 potes,
733 1775 831 1838 vertis
846 1775 960 1855 minas,

291 1875 336 1938 Et
349 1893 402 1936 me
416 1894 633 1937 remorsurum
647 1872 753 1957 petis?

251 1972 346 2054 Nem,
361 1973 467 2056 qualis
483 1983 540 2037 aut
555 1972 718 2037 Molossus
733 1982 790 2035 aut
805 1970 917 2034 sulvus
933 1956 1053 2053 Lacon,
1128 1974 1149 2037 o

292 2074 407 2137 Amica
422 2073 473 2136 vis
487 2072 677 2155 pastoribus,

249 2174 356 2256 Agam
370 2193 426 2256 per
440 2172 523 2235 altas
538 2193 615 2236 aure
631 2173 761 2235 sublata
776 2172 876 2252 nives

291 2274 519 2354 Quaecunque
534 2271 702 2353 praecedet
716 2270 801 2334 fera:

249 2373 314 2451 Tu,
329 2391 407 2435 oum
422 2371 567 2434 timenda
580 2391 660 2435 voce
673 2371 840 2454 complesti
855 2391 981 2452 nemus,

290 2473 471 2555 Projeotum
485 2470 759 2534 odorariseibum.
1109 2471 1150 2534 10

249 2572 347 2651 Cave,
362 2589 461 2638 cave:
483 2589 626 2651 namque
641 2570 675 2632 in
690 2569 793 2632 melos
808 2571 1003 2652 asperrimus

204 2747 209 2760 .
290 2670 407 2734 Parata
421 2669 497 2733 tollo
511 2689 641 2750 cornua,

249 2770 368 2841 Qualis
382 2770 571 2853 Lycambae
585 2779 710 2852 spretus
726 2769 826 2832 infido
841 2789 946 2852 gener,

290 2873 360 2934 Aut
374 2890 447 2933 eoer
461 2869 562 2932 hostis
578 2868 713 2952 Bupalo.
875 2865 878 2871 ’

250 2973 312 3051 Au,
329 2971 356 3033 si
370 2970 444 3053 quis
458 2979 527 3034 atro
541 2969 636 3032 deute
650 2989 703 3032 me
718 2968 871 3052 petiverit,
940 2997 942 3002 ·
995 2995 1001 3006 ·
1109 2971 1148 3033 15

290 3071 419 3134 qultus
434 3081 471 3132 ut
485 3069 568 3133 flebo
583 3068 684 3152 puerl

223 3269 279 3322 1⁰2.
296 3269 439 3333 Effuge-*rint
506 3270 534 3320 C.
547 3269 615 3319 vta
632 3267 754 3318 adversus
821 3269 846 3326 3,
857 3269 879 3318 4.
896 3277 1058 3331 verte-pete.

551 3353 574 3402 8.
592 3350 728 3413 pneoedat
