2742 4250
484 251 594 315 amaa
619 265 643 316 a
694 265 723 316 s.
748 267 787 318 rt
1072 246 1142 325 175

128 423 256 503 Accidit,
274 432 311 485 ut
324 422 461 504 quidam
475 432 572 484 testes
586 423 793 506 caudamque
809 422 951 487 salacem
1102 426 1143 490 45

125 525 307 588 Demeteret
320 521 410 584 forro.
454 522 474 586 J
477 543 533 584 ure
548 543 679 604 omnes;
704 524 810 586 Galba
824 525 973 606 negabat.
1109 515 1112 526 '

122 625 239 687 Tutior
253 634 289 685 at
304 632 426 704 quanto
440 642 532 694 merx
548 625 645 684 estin
660 623 764 685 classe
780 624 933 703 secunda,

123 724 363 793 Libertinarum
377 721 457 800 diro,
474 722 650 790 Sallustius
665 723 700 785 in
714 743 797 804 quas

125 823 196 888 Nou
212 824 325 884 minus
341 821 469 901 insanit,
484 841 586 902 quam
600 822 658 902 qui
672 823 879 886 moechatur:
903 833 936 886 at
952 823 1004 886 lric
1020 824 1056 904 si,

124 926 202 992 Qua
218 942 280 1000 reo,
296 941 362 1002 qua
378 921 458 983 ratio
472 921 622 983 suaderet
637 941 767 1003 quaque
783 922 926 985 modeste
1105 926 1146 988 50

125 1022 284 1086 Munifico
298 1041 369 1082 esse
385 1021 466 1100 licet,
482 1020 579 1083 vellet
594 1021 698 1084 bonus
713 1032 811 1102 atque
827 1023 985 1104 benignus

124 1123 215 1200 Esse,
232 1120 323 1182 daret
338 1131 500 1200 quantum
515 1120 594 1182 satis
608 1131 693 1182 esset
707 1141 766 1182 nec
782 1122 842 1183 sibi
857 1121 977 1184 damno

124 1220 350 1300 Dedecorique
364 1219 452 1282 soret.
497 1220 617 1283 Verum
633 1221 694 1282 hoc
710 1241 744 1282 se
759 1221 963 1303 amplectitur
978 1243 1052 1302 uno,

125 1322 195 1384 Hoc
211 1330 304 1382 amat
318 1330 349 1382 et
365 1319 498 1382 laudat:
521 1319 705 1382 Matronam
720 1320 846 1383 nullam
861 1341 920 1403 ego
936 1332 1052 1404 tango:

128 1421 169 1483 Ut
182 1418 353 1501 quondam
369 1419 547 1498 Marsaeus,
563 1430 689 1481 amator
703 1420 845 1502 Originis
860 1421 922 1500 ille,
1107 1424 1147 1484 55

122 1521 193 1590 uui
209 1518 351 1600 patrium
366 1519 485 1580 mimae
500 1517 599 1580 donat
613 1517 819 1601 fundumque
834 1520 1008 1601 laremque,

123 1618 178 1683 Nil
193 1618 292 1680 suerit
306 1629 360 1696 mt,
376 1617 489 1698 inquit,
504 1636 581 1679 cum
596 1617 751 1680 uxoribus
766 1638 912 1700 unquam
928 1620 1051 1682 alienis.

14 1738 15 1743 ¹
125 1719 250 1782 Verum
267 1727 316 1778 est
331 1736 407 1779 cum
422 1716 539 1796 mimis,
555 1727 603 1779 est
618 1736 695 1779 cum
710 1719 938 1798 meretricibus,
955 1720 1043 1782 unde

125 1818 234 1879 Fama
249 1815 376 1878 malum
391 1815 521 1898 gravius
536 1836 637 1896 quam
652 1835 703 1878 res
715 1817 819 1878 trahit.
864 1819 917 1880 An
934 1818 990 1880 tibi
1005 1817 1135 1880 abunde

125 1917 304 1978 Personam
319 1916 397 1977 satis
411 1925 468 1994 est,
484 1935 550 1977 non
566 1914 657 1995 illud,
674 1915 834 1997 quidquid
851 1918 972 1998 ubique
1109 1919 1150 1980 ott

125 2015 244 2094 Officit,
262 2015 404 2076 evitare?
447 2015 573 2078 Bonam
587 2014 757 2098 deperdere
773 2014 904 2095 samam,

124 2117 209 2179 Rem
224 2113 324 2196 patris
339 2113 501 2193 oblimare,
514 2114 640 2178 malum
651 2126 700 2177 est
716 2115 912 2197 ubicunque.
947 2114 1040 2186 Quid
1055 2117 1148 2181 inter-

124 2226 172 2277 est
188 2215 225 2276 in
239 2223 396 2293 matrona,
412 2214 532 2277 ancilla
546 2234 700 2296 peccesne
716 2216 847 2297 togata?

127 2314 244 2376 Villius
261 2312 294 2374 in
311 2313 437 2375 Fausta
452 2313 564 2376 Sullae
579 2334 683 2396 gener,
700 2314 762 2377 hoo
777 2316 873 2377 miser
888 2336 953 2377 uno

127 2413 269 2477 Nomine
283 2410 446 2494 deceptus,
461 2432 582 2493 poenas
597 2413 686 2477 dedit
702 2433 804 2495 usque
820 2435 979 2497 superque
1107 2416 1148 2477 65

125 2514 242 2582 Quam
258 2512 337 2573 satis
352 2521 409 2590 est,
424 2512 544 2593 pugnis
559 2531 674 2574 caesus
690 2510 834 2594 ferroque
849 2514 977 2595 petitus,

126 2609 297 2673 Exclusus
312 2608 387 2689 fore,
402 2629 479 2673 cum
494 2609 706 2693 Longarenus
722 2611 800 2674 foret
815 2613 912 2675 intus,

126 2711 215 2773 Huic
230 2709 259 2771 si
274 2709 417 2772 mutonis
432 2710 537 2772 verbis
553 2710 640 2773 mala
655 2721 745 2773 tanta
761 2712 898 2774 videntis

127 2810 258 2873 Diceret
271 2809 354 2871 haec
369 2809 519 2872 anirnus:
541 2810 696 2879 Quidvis
709 2812 790 2874 tibil
824 2811 982 2892 Nunquid
997 2830 1056 2892 ego
1071 2830 1091 2873 a
1107 2820 1136 2872 te

127 2909 251 2990 Magno
266 2917 460 2989 prognatum
475 2907 612 2990 deposco
627 2910 761 2973 consule
776 2929 924 2973 cunnum
1108 2909 1150 2975 tt

129 3008 346 3088 velatumque
361 3007 451 3086 stola,
468 3028 542 3071 mea
556 3028 634 3071 cum
648 3009 828 3072 conferbuit
844 3010 889 3071 ira
899 3010 913 3071 'l

129 3107 222 3177 Quid
237 3106 466 3189 responderet?
510 3108 632 3190 Magno
646 3120 735 3192 patre
751 3121 828 3171 nata
844 3109 952 3192 puella
967 3118 1023 3171 est.

130 3208 173 3269 At
186 3217 311 3288 quanto
325 3206 457 3269 meliora
471 3219 580 3270 monet
595 3210 840 3291 pugnantiaque
856 3210 924 3271 istis

132 3306 233 3368 Dives
247 3306 317 3387 opis
332 3319 449 3369 natura
464 3328 551 3387 suae,
568 3318 604 3369 tu
619 3308 757 3371 simodo
773 3320 855 3371 recte

134 3403 326 3487 llispcnsare
342 3406 423 3469 velis
437 3427 476 3469 ac
492 3427 557 3469 non
572 3407 727 3490 fugienda
742 3408 887 3490 petendis
1110 3407 1149 3470 rt

135 3502 326 3567 immiscere.
371 3505 448 3569 Tuo
462 3508 541 3569 vitio
556 3527 704 3571 rerumne
723 3508 855 3587 labores,

259 3638 353 3729 45‚46}
372 3675 639 3725 cuidam-»Demeteret
651 3676 747 3725 ferrum.
815 3678 854 3725 51.
873 3672 1024 3723 Munificum.

304 3754 345 3803 54.
364 3755 515 3805 Hoclaudat.
583 3758 622 3807 63.
640 3774 763 3819 peccesne.
804 3758 870 3816 vli8.
888 3756 987 3806 videnti.
