2742 4250
232 267 301 338 208
483 276 486 279 ’
629 283 844 334 sannanim

230 439 605 521 bissenus-Equidem
619 441 703 503 nihil
718 441 794 504 hinc
809 439 976 503 diffindere
991 459 1141 524 possmm

227 540 293 605 Sed
308 552 426 619 tamen,
442 550 479 603 ut
493 540 636 602 monitus
649 560 777 619 caveae,
793 559 834 602 ne
849 538 928 602 sorte
944 552 1053 622 negoti
1204 541 1246 604 80

146 651 149 656 ’
227 641 368 705 Incutiat
383 640 439 703 tibi
454 639 532 720 quid
547 651 736 702 sanctarum
750 640 877 702 inscitia
892 640 1019 722 legum3

227 742 263 806 Si
277 741 367 804 mala
380 738 556 803 condiderit
570 741 604 803 in
618 759 717 822 quem
731 739 805 822 quis
819 739 971 818 carmina,
982 741 1037 823 jus
1051 752 1100 802 est

227 839 601 922 seniorumque-Esto,
616 839 644 902 si
658 839 733 922 quis
747 838 855 901 mala:
876 838 933 902 sed
947 839 1033 901 bona
1047 839 1075 902 si
1089 840 1164 922 quis

228 939 342 1005 Judice
357 937 535 1002 condiderit
548 938 703 1002 laudatus
719 939 881 1001 Caesarei
903 938 1020 1020 siquis

228 1038 413 1122 Opprobriis
427 1037 565 1121 dignum
579 1038 750 1118 latraverit,
766 1039 888 1119 integer
903 1037 969 1119 ipse
979 1037 1037 1100 l-
1208 1041 1252 1102 'dli

228 1140 403 1202 Solventur
415 1138 483 1200 risu
499 1137 637 1218 tabulae,
654 1148 691 1201 tu
706 1138 826 1200 missus
841 1137 952 1200 abibis.

677 1455 797 1470 aa*

620 1716 780 1776 SATIRA
814 1716 857 1776 II.

271 1938 369 2007 Quae
384 1939 494 2020 virtus,
510 1948 542 2002 et
556 1949 689 2022 quanta,
705 1940 789 2019 boni,
805 1940 847 2002 sit
862 1940 970 2003 vivere
985 1959 1139 2023 parvo,—

231 2036 264 2101 N
265 2059 301 2101 ec
315 2057 408 2103 meus
423 2040 476 2102 bic
491 2059 595 2103 sermo
608 2050 666 2120 est,
681 2038 739 2102 sed
754 2060 838 2122 quae
852 2041 1012 2123 praecepit
1026 2037 1152 2103 Ofellus

232 2139 392 2220 Rusticus,
409 2140 571 2203 abnormis
585 2142 715 2223 sapiens
729 2160 904 2223 crassaque
920 2140 1110 2203 Minerva—

231 2239 360 2319 Diseite,
377 2258 442 2303 non
458 2239 540 2302 inter
554 2239 664 2304 lauces
679 2260 874 2322 mensasque
889 2242 1036 2317 nitentes,

230 2338 316 2400 Cum
331 2348 438 2421 stupet
452 2339 575 2402 insanis
591 2340 677 2402 acies
693 2337 880 2423 fulgoribus
896 2349 1018 2401 etcum
1231 2341 1253 2403 Β

230 2438 372 2502 Acclinis
387 2437 477 2501 salsis
505 2439 637 2502 animus
651 2438 783 2502 meliora
798 2449 944 2519 recusat;

230 2537 350 2600 Verum
365 2537 418 2600 hic
434 2538 588 2621 impransi
604 2557 734 2600 mecum
749 2537 924 2619 disquirite.
969 2538 1036 2599 Cur
1051 2536 1137 2599 noct

231 2638 358 2717 Dicam,
374 2639 402 2700 si
416 2650 533 2720 potero.
577 2638 666 2701 Male
679 2656 795 2701 verum
810 2636 976 2701 examinat
991 2635 1097 2699 omnis

230 2734 406 2819 Corruptus
417 2736 529 2821 judex.
574 2738 730 2819 Leporem
745 2746 886 2799 sectatus
901 2755 1025 2818 equove

230 2836 353 2900 Lassus
367 2838 411 2901 ab
423 2838 589 2916 indomito,
605 2837 666 2915 vel,
682 2836 710 2899 si
725 2838 875 2901 Romana
889 2836 1003 2918 fatigat
1214 2838 1253 2899 to

229 2936 346 2999 Militia
361 2947 529 3001 assuetum
545 2937 696 3019 graecari,
713 2956 769 2999 seu
785 2936 851 3019 pila
865 2936 971 3015 velox,

232 3036 369 3099 Molliter
383 3048 549 3100 austerum
564 3035 672 3099 studio
688 3035 817 3099 fallente
832 3034 982 3113 laborem,

229 3137 296 3200 Seu
311 3146 342 3198 te
356 3134 466 3198 discus
480 3136 556 3218 agit,
572 3146 644 3218 pete
658 3136 826 3197 cedentem
841 3147 917 3197 aera
931 3134 1037 3197 disco:

230 3235 315 3297 Cum
331 3234 418 3296 labor
433 3234 594 3297 extuderit
608 3233 746 3313 fastidia,
762 3236 875 3314 siccus,
893 3234 998 3297 inanis

230 3335 349 3416 Sperne
364 3335 473 3396 cibum
487 3334 604 3414 vilem3
628 3334 691 3396 nisi
708 3334 875 3416 Hymettia
890 3332 988 3395 mella
1004 3334 1144 3396 Falerno
1215 3336 1252 3396 to

333 3534 373 3585 tt.
390 3534 446 3595 bic;
462 3533 586 3595 diffidere;
602 3534 745 3597 diffingere3
761 3533 902 3596 defringere.
970 3532 1009 3582 84.
1026 3531 1144 3581 laudauit.

405 3672 408 3677 ¹
639 3614 679 3664 85.
697 3614 844 3666 laceraverit.
903 3603 905 3608 ’
965 3654 972 3667 .

425 3699 452 3749 S.
464 3698 489 3747 ii.
504 3701 525 3748 l.
542 3698 621 3747 bonis.
688 3697 712 3745 2.
730 3713 816 3759 quem;
834 3694 920 3753 osella,
933 3694 1048 3745 Oretana

458 3780 482 3829 3.
500 3780 617 3829 abnormi.
687 3781 725 3827 14.
743 3777 874 3839 expulerim
898 3775 1017 3826 extulerit.
