2742 4250
222 267 291 333 art
626 281 838 331 staminum

221 442 370 525 Trajecto
385 440 491 501 lateris
506 440 613 502 miseri
627 439 783 520 capitisve
798 438 913 517 dolore,

223 541 265 603 Ut
279 540 474 621 lethargicus
488 540 550 617 hie,
562 558 639 601 cum
654 539 693 600 fit
707 537 798 619 pugil
813 546 845 599 et
859 536 1023 599 medlcum
1039 547 1184 619 urget.-
1198 538 1247 600 3o

222 642 310 703 Dum
325 638 459 721 nequid
476 639 580 700 simile
596 638 681 717 huic,
698 648 766 699 esto
782 647 819 699 ut
833 637 993 700 libet-O
1009 638 1100 717 bone,
1117 658 1158 699 ne
1175 650 1206 700 tre

223 741 404 802 Frustrere:
427 737 550 800 insanis
565 747 596 798 et
612 746 647 798 tu
663 735 817 817 stultique
832 755 929 819 prope
943 756 1064 817 omnen,

221 838 347 920 Siquid
364 836 535 900 Stertinius
551 838 617 898 veri
632 847 749 919 crepat,
766 835 852 898 unde
867 856 927 919 ego
942 836 1024 898 mira

220 938 382 1019 Descripsi
398 936 510 998 docilis
525 947 696 1019 praecepta
710 936 800 1015 haec,
817 945 958 1017 tempore
972 956 1036 1017 quo
1051 956 1103 998 me

220 1037 350 1099 solatus
361 1036 458 1119 jussit
472 1036 649 1117 sapientem
665 1055 795 1117 pascere
812 1036 945 1097 barbam
1201 1038 1247 1101 35

222 1140 327 1217 Atque
342 1157 361 1197 a
378 1136 524 1197 Fabricio
540 1155 605 1197 non
622 1135 745 1197 tristem
760 1144 855 1217 ponte
871 1137 993 1198 reverti.

222 1236 315 1314 riam,
331 1235 417 1296 male
433 1256 464 1297 re
479 1246 579 1317 gesta,
595 1255 672 1297 cum
688 1234 805 1297 vellem
821 1235 944 1297 mittere
959 1248 1067 1319 operto

222 1336 275 1397 Me
290 1336 394 1417 capite
410 1336 442 1397 in
459 1335 591 1413 flumen,
607 1335 720 1396 dexter
735 1334 820 1396 stetit
835 1345 874 1414 et,
891 1336 980 1398 Cave
995 1334 1081 1398 faxis

221 1436 273 1497 'Pe
288 1434 467 1517 quidquam
483 1434 671 1515 indignum,
697 1433 812 1513 Pudor,
829 1432 988 1516 inquit,'te
1004 1435 1111 1498 malus
1127 1438 1230 1519 angit,

224 1535 357 1597 Insanos
372 1535 428 1616 qui
444 1535 525 1596 inter
540 1554 668 1596 vereare
684 1533 820 1597 insanus
836 1534 954 1597 haberi.
1200 1538 1248 1599 40

224 1634 368 1696 Primum
382 1654 459 1695 narn
475 1634 644 1715 inquiram,
660 1633 740 1715 quid
756 1634 797 1695 sit
812 1633 933 1699 furere:
956 1636 1017 1696 hoc
1033 1635 1060 1697 si
1075 1634 1133 1697 erit
1148 1632 1181 1697 in
1199 1646 1232 1697 te

222 1732 305 1812 Solo,
322 1733 366 1795 nil
383 1733 478 1813 verbi,
494 1753 605 1815 pereas
620 1734 701 1814 quin
717 1732 844 1814 fortiter,
860 1734 989 1796 addam.

222 1834 333 1900 Quem
349 1832 435 1893 mala
451 1832 588 1894 stultitia
603 1843 635 1894 et
649 1852 879 1913 quemcunque
895 1834 1022 1896 inscitia
1037 1835 1103 1896 veri

222 1932 364 1995 Caecurn
380 1932 456 2013 agit,
473 1932 626 1994 insanum
642 1932 816 2015 Chrysippi
833 1934 973 2014 porticus
988 1937 1020 1995 et
1034 1954 1112 2017 grex

225 2034 389 2095 Auturnat.
426 2033 517 2094 Haec
531 2032 675 2113 populoS,
688 2032 770 2093 haec
786 2050 921 2113 magnos
934 2031 1072 2095 formula
1084 2053 1182 2115 reges,
1199 2034 1244 2097 45

224 2131 370 2213 Excepto
384 2133 535 2214 sapiente,
552 2144 646 2196 tenet.
691 2133 788 2196 Nunc
804 2133 922 2214 accipe,
938 2153 1037 2216 quare

224 2231 394 2313 Desipiant
407 2251 518 2293 omnes
534 2252 636 2313 aeque
651 2251 690 2294 ac
706 2242 750 2312 tu,
766 2232 824 2313 qui
840 2232 896 2296 tibi
911 2251 1028 2295 nornen

223 2331 342 2392 Insano
356 2350 498 2414 posuere.
543 2332 640 2395 Velut
655 2332 754 2412 silviS,
771 2332 827 2395 ubi
842 2333 964 2414 passim

222 2429 375 2491 Palantes
389 2449 472 2492 error
486 2442 571 2493 certo
585 2431 626 2494 de
641 2432 768 2496 tramite
783 2432 881 2515 pellit,

222 2529 281 2592 Ille
297 2530 522 2611 sinistrorsum,
539 2532 592 2594 hic
606 2531 811 2594 dextrorsum
826 2533 900 2612 abit,
917 2552 1004 2594 unus
1020 2533 1147 2616 utrique
1198 2536 1242 2596 50

222 2629 328 2708 Error,
345 2628 401 2691 sed
416 2630 514 2691 variis
529 2630 637 2693 illudit
651 2631 814 2713 partibus3
838 2631 899 2694 hoc
915 2641 945 2694 te

222 2727 324 2789 Crede
339 2727 434 2790 modo
449 2727 610 2808 insanum,
624 2729 726 2791 nihilo
742 2740 778 2791 ut
793 2730 965 2811 sapientior
979 2731 1040 2811 ille,

222 2827 292 2896 thui
308 2839 338 2890 te
353 2826 482 2908 deridet,
498 2828 640 2890 caudam
657 2828 772 2890 trahat.
817 2827 879 2892 Est
894 2849 997 2912 genus
1013 2849 1118 2894 unum

221 2927 384 2990 Stultitiae
399 2927 539 2989 nihilum
554 2925 729 2990 metuenda
745 2927 894 3010 timentiS,
911 2940 948 2992 ut
962 2929 1062 3012 ignes,

221 3027 266 3090 Ut
280 3046 375 3108 rupes
391 3026 572 3107 fluviosque
588 3027 621 3088 in
636 3047 751 3108 campo
767 3028 891 3091 obstare
906 3040 1076 3111 queratur;
1198 3033 1238 3095 to

221 3125 368 3188 Alterum
383 3136 416 3187 et
429 3125 506 3187 huic
521 3144 638 3188 varum
652 3136 684 3187 et
698 3127 800 3188 nihilo
816 3128 993 3208 sapientius
1009 3128 1099 3210 ignes

222 3225 283 3286 Per
297 3224 419 3286 medios
434 3223 616 3309 fluviosque
631 3226 771 3289 ruentis:
794 3227 912 3290 clamet
927 3228 1041 3308 amica,

225 3325 334 3403 Mater,
351 3325 487 3385 honesta
502 3342 588 3385 soror
602 3343 679 3387 oum
694 3327 849 3410 cognatiS,
864 3337 961 3408 pater,
969 3348 1070 3391 uxor:

225 3425 284 3484 Hic
299 3423 385 3486 fossa
399 3433 447 3484 est
462 3424 586 3504 ingens,
601 3425 653 3486 hic
670 3446 764 3508 rupes
780 3428 944 3509 nraxima3
969 3428 1081 3491 serva!

328 3654 368 3704 33.
387 3669 478 3706 veram.
544 3655 584 3704 39.
601 3664 677 3716 urget.
743 3657 783 3706 48.
802 3656 892 3706 Insani.
959 3658 999 3708 50.
1015 3659 1127 3719 utrinqne.

404 3735 446 3784 56.
464 3736 565 3785 varium.
632 3735 674 3793 57,
684 3736 723 3786 58.
742 3738 829 3786 clamet
841 3739 920 3788 amica
936 3737 1049 3789 Mater-
