2742 4250
469 261 578 312 mauu
602 261 627 310 1.
676 263 711 311 rr.
736 261 799 311 xv.
1057 250 1129 320 265

463 563 678 625 urlsuoua
710 562 779 624 XV.

316 778 724 822 commemoremur
755 779 929 822 VALAM·

144 959 250 1028 Quae
266 956 308 1018 sit
322 955 427 1018 hierus
442 953 561 1035 Veliae,
578 953 666 1036 quod
680 954 817 1034 coelum,
835 954 926 1036 Vala,
942 956 1078 1037 Salerni,

102 1057 263 1126 Quorum
278 1054 450 1117 hominum
464 1053 552 1136 regio
566 1063 598 1115 et
612 1052 719 1134 qualis
733 1053 796 1133 via,
813 1073 891 1116 nam
905 1054 986 1118 mihi
1002 1054 1100 1119 Baias

104 1153 209 1219 Musa
223 1152 627 1237 supervacuas'Antonius
644 1161 675 1213 et
691 1162 799 1214 tamen
814 1152 877 1215 illis

104 1255 161 1318 Me
179 1253 258 1316 facit
272 1253 425 1332 invisum,
441 1251 548 1338 gelida
562 1271 640 1313 curn
655 1251 782 1334 perluor
796 1251 886 1314 unda

104 1355 168 1416 Per
183 1353 331 1416 medium
346 1350 458 1434 frigus.
503 1351 590 1415 Sane
605 1361 745 1413 murteta
761 1351 907 1433 relinqui,
1108 1355 1129 1416 t

103 1454 271 1534 Dictaque
286 1462 466 1515 cessantem
481 1451 589 1514 nervis
604 1450 721 1513 elidere
736 1452 885 1514 morbum

103 1550 244 1614 Sulsura
257 1550 429 1631 contemni,
445 1550 538 1613 vicus
555 1550 663 1631 gemit,
679 1548 811 1612 invidus
826 1551 938 1632 aegris,

103 1651 179 1720 Qui
194 1660 339 1733 caputet
354 1650 559 1714 stomachum
574 1669 753 1732 supponere
768 1648 910 1712 fontibus
925 1650 1047 1714 audent

104 1749 263 1828 Clusinis,
280 1748 465 1830 Gabiosque
480 1757 596 1831 petunt
610 1757 642 1810 et
657 1746 775 1830 frigida
789 1768 873 1810 rura.

105 1848 292 1912 Mutandus
306 1847 398 1911 locus
413 1857 469 1928 est,
485 1857 517 1910 et
532 1847 707 1910 diversoria
721 1857 799 1910 nota
1087 1849 1127 1912 10

106 1947 383 2030 Praeteragendus
398 1967 527 2029 equus·
558 1948 638 2017 Quo
656 1945 787 2010 tendis?
819 1945 894 2010 Non
909 1946 989 2009 mihi
1004 1947 1127 2010 Cumas

106 2047 170 2110 Est
185 2048 245 2109 iter
259 2056 316 2109 aut
330 2046 435 2127 Baias,
449 2046 545 2108 laeva
561 2045 785 2108 stomachosus
799 2045 929 2107 habena

106 2149 204 2210 Dicet
219 2167 326 2228 eques,
342 2147 399 2209 sed
413 2146 489 2229 equi
503 2145 627 2209 frenato
641 2156 690 2208 est
704 2146 792 2209 auris
808 2146 843 2209 in
858 2166 964 2208 ore,—

106 2245 212 2330 Major
227 2257 335 2309 utrum
350 2246 507 2328 populum
522 2244 675 2308 frumenti
689 2244 782 2328 copia
796 2255 917 2327 pascat,

107 2344 309 2407 collectosne
324 2345 437 2408 bibant
451 2344 568 2407 imbros
583 2354 740 2427 puteosne
755 2364 910 2427 perennes
1089 2346 1126 2410 tt

107 2445 127 2507 J
128 2444 202 2527 ugis
217 2464 323 2526 aquae
333 2464 464 2507 r-nam
477 2444 557 2508 vina
570 2443 652 2507 nihil
667 2463 772 2506 moror
786 2443 873 2507 illius
887 2465 1014 2507 orae.-

107 2542 197 2605 Rure
212 2562 284 2604 meo
299 2561 431 2625 possum
445 2542 577 2623 quidvis
592 2540 729 2625 perferre
743 2544 892 2625 patique:

108 2640 161 2704 Ad
176 2660 265 2703 mare
279 2661 356 2704 cum
370 2641 454 2721 veni,
471 2660 664 2725 generosum
678 2651 710 2705 et
724 2641 799 2705 lene
814 2643 947 2725 requiro,

107 2738 210 2809 Quod
225 2759 318 2803 curas
333 2740 451 2823 abigat,
466 2740 646 2824 quodcum
661 2760 718 2823 spe
731 2741 834 2805 divite
848 2754 959 2806 manet

108 2840 148 2902 ln
163 2859 265 2902 venas
280 2840 492 2923 animumque
508 2860 627 2922 meum,
642 2841 730 2923 quod
746 2843 845 2905 verba
859 2842 1025 2923 ministret,
1082 2846 1126 2909 20

107 2937 211 3009 Quod
226 2959 277 3001 me
293 2940 449 3004 Lucanae
459 2942 615 3025 Juvenem
630 2939 835 3004 commendet
849 2943 1024 3006 amicae.-

108 3038 251 3102 'I'raetus
266 3048 336 3101 uter
349 3037 457 3121 plures
472 3040 601 3123 lepores,
617 3050 688 3103 uter
701 3040 818 3103 educet
832 3060 933 3123 apros,

109 3138 189 3201 Utro
203 3139 310 3221 magis
323 3140 427 3221 pisces
442 3149 474 3201 et
488 3140 621 3202 echinos
636 3159 779 3222 aequora
793 3140 907 3221 celent,

110 3238 244 3320 Pinguis
260 3247 296 3301 ut
310 3237 386 3302 inde
401 3238 535 3302 domum
551 3239 673 3322 possim
687 3240 887 3323 Phaeaxque
902 3244 1026 3323 reverti,

110 3338 251 3401 Scribere
267 3346 298 3399 te
312 3338 413 3417 nobis,
429 3339 486 3401 tibi
501 3357 560 3401 nos
575 3338 742 3403 accredere
756 3359 815 3423 par
827 3351 885 3405 est.
1084 3344 1125 3408 ⁸25

112 3436 267 3518 llaenius,
284 3447 320 3499 ut
336 3439 431 3501 rebus
445 3438 598 3501 maternis
613 3448 711 3521 atque
726 3442 867 3522 paternis

111 3538 245 3600 l’ortiter
259 3538 440 3622 absumptis
455 3539 601 3602 urbanus
615 3538 720 3621 coepit
735 3539 854 3620 haberi,

455 3736 484 3786 Ε.
498 3753 535 3787 rr.
550 3736 587 3787 16,
606 3737 691 3788 Dulcis
702 3752 786 3799 aquae.
