2742 4250
219 249 286 317 [98
605 262 820 312 sarmsnuu

214 420 371 486 Excidere
387 431 485 502 atque
498 420 615 485 herbas
629 429 728 501 atque
740 418 908 482 incantata
922 417 1049 482 lacertis

213 520 358 602 Vincula,
373 540 451 584 cum
464 539 585 603 magno
599 519 731 600 risuque
740 520 876 604 jocoque
890 516 1026 582 videres.
1186 520 1229 583 ott

662 837 778 852 m

598 1079 760 1169 sarnus
789 1079 845 1140 rs

253 1307 346 1370 ibam
360 1304 439 1370 sorte
454 1305 515 1369 Via
529 1322 629 1384 satra,
644 1305 729 1366 sicut
744 1324 837 1368 meus
851 1314 900 1368 est
914 1325 994 1384 mos,

212 1405 328 1471 Nescio
343 1404 424 1487 quid
437 1404 600 1468 meditans
613 1423 785 1486 nugarum,
802 1414 888 1467 totus
903 1405 937 1466 in
952 1405 1034 1486 illis;

211 1505 357 1568 Accurrit
371 1503 507 1585 quidam
521 1514 618 1567 notus
632 1502 715 1566 mihi
729 1503 860 1566 nomine
875 1513 1011 1583 tantum,

211 1607 409 1688 Arreptaque
424 1622 544 1666 manu:
567 1601 661 1673 Quid
674 1603 754 1684 agis,
770 1601 957 1666 dulcissime
973 1622 1078 1666 rertun
1087 1602 1146 1665 'i—

210 1705 369 1783 Suaviter,
385 1713 422 1765 ut
436 1723 524 1765 nunc
539 1713 596 1778 est,
611 1703 756 1785 inquam,
765 1712 797 1764 et
805 1703 900 1785 cupio
907 1703 1027 1782 omnia,
1036 1721 1120 1784 quae
1132 1702 1192 1765 vis.
1210 1703 1231 1764 5

210 1804 297 1866 Cum
311 1812 539 1865 assectaretur:
563 1800 652 1864 Num
666 1799 747 1882 quid
762 1799 835 1863 visi
858 1819 988 1882 occupo.
1032 1801 1075 1862 At
1090 1799 1163 1862 ille:

210 1902 304 1966 Noris
318 1922 386 1981 nos,
402 1901 526 1982 inquit,
549 1899 636 1962 docti
651 1919 777 1963 sumus.
821 1899 884 1964 Hic
899 1920 967 1982 ego,
985 1899 1090 1963 Pluris

211 2001 290 2081 Hoc,
306 2001 449 2082 inquam,
465 2000 546 2062 mihi
562 1999 632 2063 eris.
675 1999 792 2062 Misere
808 1998 970 2063 discedere
984 2019 1151 2081 quaerens,

211 2100 259 2171 lre
274 2099 370 2163 modo
384 2100 483 2179 ocius,
499 2098 661 2163 interdum
676 2099 857 2183 consistere,
873 2100 908 2164 in
922 2119 1036 2163 aurem

212 2200 325 2263 Dicere
340 2200 448 2262 nescio
462 2198 542 2282 quid
556 2218 664 2282 puero,
678 2219 757 2261 cum
772 2199 869 2262 sudor
884 2199 926 2261 ad
940 2199 1021 2261 imos
1189 2200 1229 2262 10

211 2299 358 2362 Manaret
374 2298 465 2361 talos.
509 2299 539 2361 Ο
554 2310 594 2379 te,
611 2298 743 2379 Bolaue,
759 2299 878 2361 cerebri

211 2401 375 2465 Felicem!
398 2401 525 2463 aiebam
541 2399 667 2478 tacitus,
681 2418 761 2461 curn
774 2398 931 2481 quidlibet
945 2398 999 2462 illo
1099 2436 1101 2441 -

210 2500 358 2579 Garriret,
374 2500 471 2579 vicos,
487 2500 601 2561 urbem
615 2498 770 2561 laudaret
816 2498 860 2563 Ut
875 2498 921 2561 illi

211 2600 266 2663 Nil
281 2598 521 2681 respondebam,
537 2598 654 2661 Misere
669 2598 771 2680 cupiS,
788 2598 901 2680 inquit,
918 2598 1025 2662 abire:

210 2696 412 2764 iamdudum
427 2696 539 2777 video;
563 2695 621 2759 sed
635 2696 682 2759 nil
697 2696 785 2779 agis3
809 2716 912 2778 usque
927 2698 1058 2779 teneb03
1190 2701 1229 2761 15

212 2799 389 2879 Persequar
402 2797 487 2875 hinc,
504 2815 569 2877 quo
584 2815 673 2858 nunc
688 2796 746 2858 iter
760 2806 810 2859 est
824 2796 990 2860 tibi-Nil
1004 2815 1085 2879 opus
1100 2806 1149 2859 est
1165 2808 1196 2860 te

211 2896 415 2977 Circumagi:
437 2895 603 2977 quendam
618 2894 692 2957 volo
707 2896 809 2957 visere
823 2914 889 2957 non
906 2895 962 2958 tibi
976 2907 1110 2977 notum;

211 2997 320 3060 Trans
335 2996 482 3059 Tiberim
496 2995 591 3079 longe
604 2995 706 3057 cubat
720 2995 755 3075 is,
771 3014 867 3077 prope
883 2996 1031 3058 Caesaris
1046 2996 1208 3059 hortos—-

212 3095 265 3159 Nil
280 3096 384 3158 habeo
395 3094 482 3176 quod
493 3114 599 3176 agam,
611 3104 642 3155 et
656 3113 723 3157 uon
735 3113 809 3157 sum
823 3094 927 3177 piger,
944 3114 1047 3175 usque
1060 3110 1177 3177 sequar
1188 3106 1229 3157 te.

211 3195 354 3257 Demitto
369 3192 539 3272 auriculas,
555 3204 591 3254 ut
606 3192 738 3273 iniquae
754 3194 871 3255 mentis
885 3192 1015 3273 aselluS,
1186 3194 1229 3257 2]

212 3295 298 3357 Cum
313 3294 445 3376 gravius
459 3291 552 3354 dorso
567 3291 666 3355 subiit
680 3312 773 3355 onus
818 3292 936 3375 Incipit
950 3293 1023 3356 illc:

213 3395 247 3458 Si
263 3394 343 3457 bene
358 3413 410 3454 me
425 3392 509 3471 novi,
526 3412 591 3454 non
608 3392 741 3455 Viscum
756 3391 856 3474 pluris
872 3394 1025 3472 amicum,

345 3594 369 3642 S.
382 3594 415 3642 ix.
427 3594 452 3642 3.
470 3590 587 3641 Occurrit.
652 3594 677 3640 4.
697 3592 761 3649 Quid
774 3594 834 3655 agis,
846 3593 992 3650 dulcissime,
1003 3594 1099 3642 reruml

239 3674 275 3723 tt.
294 3673 636 3737 Prosequor-Distinguunt
647 3672 694 3721 atti
701 3691 710 3721 .-
728 3673 862 3734 Persequar
872 3674 937 3723 hinc.
972 3675 1028 3731 Quo
1038 3688 1103 3723 uunc
1115 3674 1160 3724 itcr
1171 3684 1207 3725 cot

451 3756 495 3803 tibi
502 3754 613 3803 l-olii:
630 3753 770 3815 Persequar.
805 3755 869 3804 Hinc
881 3756 1021 3815 quo-nhil
