2742 4250
217 204 299 286 240Ι
620 218 835 300 sirmrnmr

216 375 382 440 Convivae
397 375 471 438 lecti
484 375 626 440 nihilum
640 394 780 438 nocuere
793 375 928 458 lagenis.

215 475 355 540 Affertur
369 474 504 556 squillas
518 475 600 540 inter
614 495 771 538 muraena
784 484 944 555 natantes,

215 576 253 640 In
267 575 379 658 patina
393 585 545 656 porrecta.
582 575 652 638 Sub
664 575 726 638 hoc
735 575 850 640 herus:
865 575 958 639 Haec
967 575 1111 660 gravida,
1119 576 1234 661 iuquit,

216 676 321 758 Capta
335 684 391 754 est,
407 673 541 736 deterior
555 685 627 756 post
641 685 771 758 parturn
785 694 882 740 carne
896 674 1015 740 futura.

215 775 275 837 His
289 774 431 837 mixtum
440 775 496 858 jus
511 785 577 836 est:
598 773 679 854 oleo,
695 773 784 859 quod
797 775 902 857 prima
918 774 1050 840 Venafri
1193 777 1235 841 45

214 874 334 937 Pressit
347 873 449 955 cella;
472 893 549 956 garo
563 872 604 935 de
619 873 726 936 succis
739 874 838 956 piscis
851 875 972 954 Hiberi,

214 974 297 1036 Vino
311 973 524 1055 quinquenni,
538 992 654 1036 verum
667 973 748 1036 citra
762 993 851 1037 mare
866 985 952 1054 nato,

121 1103 123 1107 ·
215 1073 305 1136 Dum
319 1074 467 1154 coquitur
479 1083 621 1154 ;-cocto
637 1073 760 1136 Chium
774 1073 821 1136 sic
835 1074 995 1154 convenit,
1011 1085 1129 1138 utnon

214 1173 284 1234 Hoc
299 1172 404 1254 magis
419 1171 526 1234 ullum
540 1170 630 1234 aliud
641 1172 801 1254 5-pipere
815 1173 898 1252 albo,
913 1191 980 1236 non
994 1173 1065 1236 sine
1079 1185 1182 1254 neem,

214 1271 314 1341 Quod
330 1271 599 1353 Methymnaeam
612 1271 692 1334 vitio
705 1271 882 1336 mutaverit
897 1293 1007 1337 urana
1193 1277 1236 1338 50

215 1371 339 1432 Erucas
356 1365 479 1448 virides
495 1369 603 1434 inulas
617 1389 677 1452 ego
692 1371 815 1452 primns
828 1391 959 1461 amaras¹

216 1469 393 1534 Monstravi
407 1469 597 1550 incoquere;
621 1469 731 1532 illutos
746 1471 904 1535 Curtillus
918 1471 1061 1551 echinos,

216 1569 259 1632 Ut
273 1568 389 1631 melius
404 1569 518 1648 muria,
533 1568 622 1650 quod
637 1579 719 1632 testa
734 1570 862 1633 marina
875 1571 1016 1634 remittit

215 1668 338 1731 interea
353 1687 511 1750 suspensa
525 1687 640 1750 graves
654 1669 773 1732 aulaea
786 1669 898 1733 minas

214 1767 253 1830 ln
268 1767 414 1848 patinam
429 1765 540 1846 fecere,
557 1767 718 1832 trahentia
732 1768 875 1851 pulveris
889 1771 958 1850 atri,

214 1868 389 1934 Quantum
404 1885 469 1928 non
485 1867 603 1948 Aquilo
619 1868 797 1951 Campanis
812 1869 934 1930 excitat
947 1869 1042 1950 agris.

215 1965 282 2029 Nos
297 1967 403 2050 majus
419 1967 519 2046 veriti,
533 1977 707 2050 postquam
722 1967 804 2031 nihil
818 1988 889 2033 esse
904 1968 1014 2050 pericli

214 2065 393 2145 Sensimus,
408 2065 569 2149 erigimur.
613 2064 731 2147 Rufus,
746 2067 850 2150 posito
864 2068 978 2151 capite,
994 2079 1031 2133 ut
1045 2068 1073 2131 si

216 2165 319 2227 Filius
334 2166 527 2229 immaturus
541 2166 668 2247 obisset,
682 2167 769 2231 flere.
814 2169 902 2239 Quis
915 2179 1000 2232 esset

216 2264 315 2343 Finis,
332 2264 367 2327 ni
382 2265 510 2346 sapiens
526 2266 574 2329 sic
587 2266 815 2331 Nomentanus
830 2268 975 2333 amicum

215 2363 376 2427 'Pollerett
399 2366 483 2440 Heu,
500 2367 654 2447 Fortuna,
669 2368 745 2449 quis
760 2378 810 2431 est
823 2368 982 2433 crudelior
995 2368 1030 2433 in
1044 2389 1104 2452 nos

214 2464 265 2527 'l'e
280 2463 385 2527 deus?
430 2464 476 2528 Ut
491 2486 617 2548 semper
631 2466 757 2548 gaudes
771 2466 906 2531 illudere
919 2469 1017 2531 rebus

216 2563 397 2627 llumanis!
442 2565 559 2630 Varius
574 2586 695 2649 mappa
706 2587 908 2649 compescere
921 2569 1023 2632 risum

217 2662 277 2724 vix
292 2674 422 2744 poterat.
466 2665 605 2745 Balatro,
621 2665 824 2749 suspendens
838 2668 949 2729 omnia
962 2688 1052 2748 naso,

215 2761 304 2823 Haec
319 2773 367 2824 est
381 2763 522 2826 conditio
537 2764 678 2844 vivendi,
695 2765 810 2845 aiebat,
826 2786 929 2847 eoque

215 2860 421 2942 Responsura
436 2873 492 2925 tuo
506 2882 678 2945 nunquam
697 2874 747 2927 est
760 2885 819 2947 par
833 2864 923 2931 fama
937 2866 1046 2928 labori.

215 2960 317 3039 Tene,
334 2971 369 3024 ut
385 2982 444 3043 ego
459 2962 599 3045 accipiar
613 2963 710 3043 laute,
726 2963 898 3045 torquerier
912 2964 1001 3027 omni

213 3060 435 3125 Sollicitudine
450 3062 639 3143 districtum,
655 3084 697 3127 ne
711 3064 805 3147 panis
820 3064 965 3143 adustus

214 3160 263 3223 Ne
280 3160 365 3221 male
379 3160 547 3223 conditum
556 3163 612 3245 jus
626 3173 816 3247 apponatur,
832 3175 869 3226 ut
884 3183 996 3227 omnes

214 3259 391 3321 Praecincti
406 3270 490 3323 recte
505 3262 595 3343 pueri
610 3263 793 3345 comptique
808 3264 1013 3327 ministrent?

217 3357 307 3419 Adde
322 3358 382 3419 hos
396 3369 561 3441 praeterea
575 3381 691 3425 casus:
714 3363 832 3426 aulaca
845 3373 944 3427 ruant
959 3363 995 3443 si,

218 3454 261 3521 [lt
274 3456 386 3541 mod03
411 3460 437 3521 si
452 3458 597 3542 patinam
612 3460 693 3543 pede
709 3462 821 3545 lapsus
836 3460 965 3547 frangat
979 3482 1087 3545 agaso

567 3692 607 3741 53.
626 3708 706 3753 qoam.
773 3694 813 3742 75.
830 3708 882 3755 pro.
