2742 4250
661 301 861 354 ommuni

204 473 208 482 '
320 544 323 550 ,
443 473 604 537 Decantes
619 472 735 557 elegos,
750 494 809 538 aur
822 474 880 538 tibi
889 475 997 559 junior

525 572 633 637 Laesa
647 575 823 656 praeniteat
837 574 910 638 fide.

442 769 607 852 Insignem
623 771 713 833 tenni
726 770 829 834 fronte
843 771 1004 854 Lyeorida
1257 777 1279 840 5

442 868 520 952 Cyri
535 883 630 934 terret
644 888 735 932 amor
743 890 752 952 ς
776 870 883 954 Cyrus
897 870 932 933 in
946 890 1093 953 asperam

441 966 592 1031 Declinat
606 967 770 1050 Pholoen3
792 967 848 1030 sed
864 968 953 1051 prius
968 969 1083 1052 Apulis

525 1065 546 1131 J
546 1076 710 1149 ungentur
722 1086 856 1150 capreae
870 1067 963 1150 lupis,

442 1263 556 1332 Quam
570 1263 655 1346 turpi
671 1262 791 1326 Pholoe
805 1274 914 1346 peccet
928 1263 1081 1327 adultero.

441 1361 497 1425 Sic
511 1361 619 1425 visum
635 1361 760 1439 Veneri,
775 1381 830 1424 cur
843 1361 949 1444 placet
962 1381 1100 1446 mperes
1236 1367 1280 1431 10

443 1459 578 1522 Formas
593 1469 692 1540 atque
706 1459 831 1522 animos
846 1460 998 1544 subjuga
1013 1460 1116 1524 aenea

526 1558 631 1622 Saevo
647 1558 772 1620 mittere
786 1578 863 1621 curn
873 1560 954 1643 joco.

443 1755 557 1838 Ipsum
572 1774 632 1836 me,
648 1755 760 1818 melior
773 1775 851 1818 cum
865 1766 984 1838 peteret
997 1756 1117 1834 Venus,

444 1854 545 1919 Grata
558 1854 695 1918 detinuit
709 1853 863 1936 compede
877 1854 1016 1937 Myrtale

441 1951 613 2035 Libertina,
628 1953 717 2018 fretis
730 1955 831 2017 aerior
845 1952 986 2017 Hadriae

407 2061 413 2072 '
529 2053 704 2118 Curvantis
719 2053 873 2117 Calabros
887 2052 988 2116 sinus.

583 2594 764 2657 cannen
791 2564 942 2660 xxxrv.

611 2793 664 2837 AD
693 2794 739 2836 SE
769 2794 913 2836 lesen.

422 2972 544 3037 Parcus
559 2973 693 3037 deornm
706 2973 809 3037 cultor
823 2984 855 3036 et
869 2970 1062 3053 infrequens,

424 3071 618 3135 Insanientis
632 3071 713 3135 dum
728 3071 903 3155 sapientiae

468 3170 643 3233 Consultus
658 3190 734 3250 erro,
750 3190 838 3234 nune
852 3165 1024 3233 retrorsum

510 3267 589 3332 Vela
604 3267 680 3331 dare
695 3279 791 3351 atque
807 3270 919 3333 iterare
933 3282 1048 3331 cursus

425 3467 529 3567 Cegor
543 3466 668 3531 relictos
677 3488 689 3530 v:
711 3485 853 3548 namque
867 3466 1034 3549 Diespiter,

427 3566 496 3651 igni
512 3585 644 3631 eonrsco
658 3566 771 3630 nubila
786 3565 933 3629 dividens

518 3788 521 3792 ·
616 3766 644 3817 C.
658 3769 743 3816 miii.
756 3771 778 3817 t.
798 3766 908 3828 Appul‘u.
