2742 4250
476 288 586 337 LIBER
610 288 664 338 ΠΙ.
715 288 745 338 0.
770 290 831 339 XV.

337 444 411 509 Jam
426 444 533 507 virum
547 454 705 525 expertae,
720 445 806 507 male
820 444 972 508 ominatis

419 543 544 607 Parcite
558 543 671 605 verbis

337 740 399 803 Hic
414 738 483 802 dies
497 752 571 803 vere
586 740 667 803 mihi
682 739 783 803 festus
798 750 884 803 atras

335 839 469 902 Eximet
484 858 600 903 curas:
622 858 682 921 ego
698 857 759 901 nec
774 839 950 902 tumultum

336 937 405 1002 Nec
419 936 499 1002 mori
513 936 651 1019 pervim
666 947 819 1017 metuam,
835 948 963 1000 tenente
1123 942 1161 1001 15

419 1036 557 1099 Caesare
572 1045 679 1097 terras.

336 1236 361 1313 l,
376 1244 447 1317 pete
463 1243 677 1317 unguentum,
693 1253 780 1316 puer,
796 1242 828 1296 et
842 1252 975 1296 coronas

335 1334 380 1397 Et
393 1333 514 1397 cadum
527 1333 628 1397 Marsi
644 1352 818 1396 memorem
832 1331 940 1412 duelli,

335 1434 527 1515 Spartacum
542 1433 570 1496 si
584 1452 650 1515 qua
664 1432 768 1514 potuit
781 1441 956 1514 vagantem

419 1532 545 1595 Fallere
560 1542 650 1594 testa.
1117 1530 1161 1592 20

336 1730 398 1792 Dic
413 1738 445 1791 et
458 1739 591 1811 argutae
605 1739 750 1812 properet
763 1728 907 1792 Neaerae

336 1828 525 1909 Myrrheum
539 1826 623 1890 nodo
638 1828 786 1891 cohibere
801 1827 940 1908 crinem3

335 1927 370 1990 Si
384 1946 440 2008 per
453 1926 597 1990 invisum
611 1945 701 1989 mora
711 1926 881 2009 janitorem

419 2025 501 2105 Fiet,
517 2024 610 2087 abite.

334 2223 430 2286 Lenit
445 2223 611 2286 albescens
626 2223 752 2285 animos
766 2221 903 2304 capillus
1117 2221 1159 2284 25

334 2321 458 2385 Litium
471 2331 503 2383 et
517 2322 606 2385 rixae
621 2320 756 2404 cupidos
770 2335 933 2403 protervae
945 2341 954 2402 3

335 2420 410 2484 Non
424 2438 483 2502 ego
497 2417 697 2499 hoc-ferrem,
712 2419 839 2483 calidus
848 2420 993 2503 juventa,

419 2518 560 2582 Consule
575 2518 705 2582 Planco.

594 2804 712 2816 .—

516 2981 696 3091 cARMEN
724 3029 795 3091 XV.

494 3213 545 3256 ru
580 3213 827 3268 cnroaru.

295 3374 385 3441 Uxor
398 3374 547 3457 pauperis
562 3375 661 3457 Ibyci,

337 3473 489 3538 Tandem
504 3474 666 3556 nequitiae
681 3473 745 3556 fige
760 3473 895 3537 modum
910 3484 986 3537 tuae

297 3677 335 3726 ll.
352 3684 469 3736 expertes,
481 3675 511 3724 de
522 3676 604 3739 conj.,·
621 3675 759 3722 nominatis.
860 3674 898 3724 19.
915 3674 1015 3734 siquae.

556 3754 584 3804 O.
597 3769 636 3804 xv.
648 3754 673 3804 2.
690 3769 759 3816 pone.
