2742 4250
630 191 829 280 elumen

432 385 501 450 Nee
515 385 617 469 parcit
630 385 769 450 imbellis
778 386 935 472 juventae

474 485 653 570 Poplitibus
667 484 845 568 timidoque
860 495 959 571 tergo.

294 767 296 773 Ι
389 683 506 766 Virtus,
521 684 669 768 repulsae
683 684 794 748 nescia
809 683 966 768 sordidae,

388 783 594 848 lntaminatis
609 782 713 868 fulget
726 783 910 866 honoribus,

433 883 503 949 Nee
517 884 618 949 sumit
631 893 690 949 aut
702 883 794 968 ponit
807 903 935 948 senune

472 980 611 1048 Arbitrio
625 983 789 1068 popularis
803 1003 911 1049 aurae

388 1181 506 1263 Virtus,
522 1183 694 1248 recludens
708 1182 876 1246 immeritis
890 1181 971 1248 mori

389 1282 535 1362 coelum,
550 1292 669 1368 negata
684 1291 787 1346 tentat
801 1281 861 1346 iter
874 1282 938 1362 via,

431 1382 614 1464 Coetusque
629 1381 780 1464 vulgares
794 1392 827 1445 et
841 1380 943 1445 udam

472 1481 600 1564 Spernit
615 1480 756 1544 humum
770 1478 914 1563 fugiente
928 1499 1048 1564 penna.

387 1678 449 1742 Est
462 1687 494 1742 et
505 1675 594 1742 fideli
608 1688 679 1742 tuta
694 1678 820 1742 silentio

387 1779 529 1848 Merces:
551 1779 674 1859 vetabo,
691 1779 749 1860 qui
763 1778 888 1842 Cereris
903 1798 1031 1842 saerurn

430 1877 578 1960 Vulgarit
593 1896 740 1958 areanae,
755 1878 818 1941 sub
832 1875 937 1942 tsdem

470 1977 520 2041 Sit
534 1977 677 2040 trabibus
693 1974 881 2060 fragilemve
895 1996 1026 2041 meeum

386 2175 500 2241 Solvet
514 2174 689 2258 phaselon:
710 2194 805 2258 saepe
821 2176 981 2259 Diespiter

387 2273 562 2357 Neglectus
576 2274 699 2339 incesto
714 2274 838 2339 addidit
852 2276 1032 2361 integrum:

427 2375 513 2439 Raro
529 2374 774 2440 antecedentem
790 2374 964 2439 scelestum

470 2474 619 2541 Deseruit
633 2473 715 2561 pede
730 2494 834 2559 poena
848 2474 976 2538 claudo.

591 3033 771 3095 clausu
796 3033 862 3094 111.
985 2992 992 3006 ’

376 3241 508 3305 Justum
522 3250 554 3303 et
568 3250 717 3303 tenacem
731 3241 881 3323 propositi
895 3242 1003 3306 virum

377 3340 451 3403 Non
465 3339 586 3402 civium
601 3338 695 3401 ardor
708 3359 810 3422 prava
818 3340 1012 3423 jubentium,

418 3432 492 3495 Non
507 3430 618 3493 vultus
632 3430 783 3495 instantis
798 3436 928 3516 tyranni

460 3531 569 3594 Mente
583 3530 688 3612 quatit
702 3531 812 3613 solida,
827 3553 933 3616 neque
948 3534 1074 3617 Auster,

257 3731 291 3781 re.
310 3732 430 3782 timidone.
496 3732 537 3780 2i.
557 3724 676 3794 volgarit.
743 3732 784 3783 28.
802 3731 964 3797 fragilemque.
1031 3733 1134 3790 C.iii,l
1162 3752 1197 3790 aa
