2742 4250
434 230 543 309 omnir
568 254 618 305 1v.
669 255 699 305 o.
725 256 775 304 rv.
1040 238 1114 307 121'

260 412 353 484 Quid
367 412 494 491 debeas,
509 430 529 473 o
542 412 657 491 Romen
670 411 863 491 Neronibus,

262 512 373 576 Testis
388 512 575 575 Metaurum
590 508 715 577 flumen
729 520 762 575 et
775 511 961 575 Hasdrubal

306 610 461 673 Devictus
476 619 507 672 et
522 610 656 692 pulcher
670 608 791 692 fugatis

350 709 492 784 llle‚dics
506 709 600 775 Lotio
615 709 762 792 tenebris,

265 910 335 979 Qui
348 908 473 991 primus
488 908 576 971 alme
591 908 659 973 risit
673 908 799 989 adorea,

267 1009 365 1071 Dirus
379 1025 440 1091 per-
451 1008 546 1081 urbes
561 1006 638 1093 Aser
652 1018 691 1071 ut
703 1008 805 1072 Italas

307 1109 377 1171 Ceu
392 1106 528 1169 flamma
541 1128 597 1189 per
611 1107 724 1170 taedas
738 1107 791 1171 vel
805 1109 917 1171 Eurus

350 1206 554 1280 Persicum
569 1207 728 1288 equitavit
742 1208 857 1273 undas.

268 1406 343 1468 Post
357 1406 420 1468 hoc
433 1405 586 1477 secundis
600 1418 704 1489 usque
718 1408 882 1473 laboribus

268 1505 415 1569 Romana
429 1506 534 1587 pubes
548 1507 656 1586 creuit,
672 1516 704 1569 et
717 1504 818 1589 impio

309 1603 443 1667 Vasteta
458 1605 639 1668 Poenorum
653 1606 797 1670 tumultu

351 1704 447 1771 Fano
462 1703 538 1770 deos
555 1705 697 1771 habuere
711 1715 821 1785 rectos,

269 1902 424 1983 Dixitque
439 1902 572 1967 tandem
585 1904 931 1986 perfidusfla'nnibotz
994 1964 1015 1978 ,

270 2002 373 2082 Cervi,
389 2001 539 2085 luporum
554 2002 673 2085 praeda
688 2004 864 2086 rapacium,

310 2102 481 2167 Sectamur
495 2101 586 2183 ultro,
602 2122 683 2185 quos
699 2104 826 2187 opimus

352 2202 479 2266 Fallere
493 2212 525 2266 et
540 2202 680 2286 effugere
695 2214 744 2266 est
758 2205 950 2288 triumphus.

269 2401 365 2480 Gens,
381 2421 467 2482 quae
480 2412 622 2466 cremato
637 2401 727 2466 fortis
743 2404 785 2466 ab
799 2404 859 2469 Ilio
991 2431 996 2440 ·

268 2501 397 2566 Jactata
411 2501 531 2566 Tuscis
546 2504 748 2585 aequoribus,
764 2524 857 2568 sacra

309 2601 475 2682 Natosque
490 2611 698 2684 maturosque
712 2613 818 2685 patres

352 2700 488 2764 Pertulit
502 2701 665 2765 Ausonias
680 2703 840 2783 adiubes,

271 2898 369 2962 Duris
383 2909 420 2962 ut
434 2899 500 2962 ilex
515 2910 608 2963 tonsa
622 2882 815 2984 bipenntbus

239 3005 241 3009 ’
270 2997 388 3080 Nigrae
402 2996 500 3062 feraci
515 2998 636 3082 frondis
650 3001 684 3063 in
700 3000 826 3084 Algido,

311 3099 374 3162 Per
387 3096 519 3178 demna,
535 3118 591 3183 per
605 3094 730 3180 caedes,
746 3100 788 3163 ab
802 3101 872 3184 ipso

355 3197 455 3260 Ducit
469 3217 545 3280 opes
560 3193 774 3282 animumque
789 3198 878 3264 ferro.

270 3411 344 3476 Non
359 3408 465 3494 hydra
480 3423 565 3476 secto
580 3432 707 3497 corpore
722 3411 842 3478 firmior
863 3421 866 3426 “

272 3512 365 3576 Vinci
380 3513 542 3577 dolentem
557 3515 657 3578 crevit
672 3513 707 3577 in
721 3515 906 3597 Herculem,

342 3713 407 3778 ¹42.
426 3728 511 3780 Durus.
602 3715 604 3719 ,
650 3735 692 3787 60.
709 3735 889 3794 animosque„
