2742 4250
209 266 277 336 teo
606 282 821 335 sarmarum

203 440 383 524 Simplicior
396 441 471 523 quis
485 451 519 503 et
531 450 589 521 est,
605 441 739 523 qualem
754 461 807 505 me
821 462 917 525 saepe
933 442 1061 506 libenter

202 541 383 605 Obtulerim
397 541 463 621 tibi,
479 540 662 621 Maecenas,
679 553 716 605 ut
730 541 810 604 forte
825 541 986 624 legentem

202 642 270 703 Aut
284 642 419 704 tacitum
435 640 579 723 impellat
593 642 710 723 quovis
725 661 871 704 sermone
885 642 1059 705 molestus:
1187 650 1234 710 65

202 741 378 804 Communi
392 760 491 803 sensu
505 740 602 822 plane
616 751 711 819 caret,
728 741 902 823 inquimus.
947 742 1052 819 Eheu,

201 840 315 908 Quam
329 850 448 902 temere
463 841 497 902 in
512 849 638 902 nosmet
653 839 760 921 legem
775 842 942 903 sancimus
957 842 1123 923 iniquam!

202 942 288 1004 Nam
303 940 391 1003 vitiis
405 959 501 1002 nemo
515 938 585 1003 siue
600 940 762 1002 nascitur:
784 940 926 1021 optimus
941 940 994 1003 ille
1009 950 1065 1019 est,

200 1040 271 1109 Qui
286 1040 429 1102 minimis
445 1049 586 1121 urgetur.
628 1038 766 1101 Amicus
781 1039 895 1119 dulcis,
913 1050 946 1102 ut
963 1060 1107 1121 aequum
1122 1050 1181 1119 cst,
1209 1030 1212 1033 ¹

201 1139 287 1200 Cum
303 1159 376 1201 mea
391 1149 576 1220 compenset
590 1138 678 1200 vitiis
693 1140 787 1217 bona,
802 1139 949 1221 pluribus
964 1140 1062 1219 hisce,
1181 1142 1225 1205 rt

201 1240 237 1302 Si
251 1238 349 1301 modo
362 1239 457 1320 plura
470 1239 552 1301 mihi
568 1239 654 1301 bona
668 1249 754 1320 sunt,
770 1239 911 1321 inclinet,
927 1240 1029 1302 amari

201 1338 236 1403 Si
252 1338 359 1403 volet:
380 1340 444 1401 bac
459 1338 528 1420 lege
543 1338 578 1401 in
593 1340 714 1401 trutina
728 1350 864 1421 ponetur
877 1340 1000 1403 eadem.

201 1438 280 1518 uui,
296 1458 338 1501 ne
353 1439 519 1502 tuberibus
533 1439 666 1521 propriis
681 1438 825 1501 offendat
839 1440 992 1519 amicum,

203 1538 357 1617 Postulat,
373 1537 517 1620 ignoscet
530 1538 673 1600 verrucis
688 1538 793 1619 illius;
817 1558 960 1619 aequum
974 1549 1030 1619 est,

204 1638 348 1699 Peccatis
364 1638 496 1700 veniam
510 1648 696 1720 poscentem
712 1637 843 1701 reddere
858 1659 981 1702 rursus.
1182 1642 1228 1706 ⁷5

205 1739 361 1821 Denique,
377 1750 540 1821 quatenus
554 1738 661 1801 excidi
676 1740 806 1820 penitus
821 1740 938 1802 vitium
953 1741 1026 1819 irae,

202 1840 317 1903 Cetera
331 1841 409 1902 item
422 1849 590 1921 nequeunt
606 1839 714 1901 stultis
729 1840 912 1903 haerentia:
935 1860 994 1903 cur
1008 1861 1073 1903 non

203 1938 402 2003 Ponderibus
417 1938 623 2020 modulisque
638 1939 707 2001 suis
722 1939 802 2001 ratio
816 1939 925 2019 utitur,
941 1960 980 2001 ac
995 1960 1053 2019 res,

204 2038 248 2103 Ut
262 2059 412 2122 quaeque
427 2049 483 2119 est,
499 2040 546 2101 ita
560 2038 728 2122 suppliciis
742 2037 861 2101 delicta
876 2040 1026 2103 coercet?

203 2141 239 2204 Si
253 2139 328 2222 quis
342 2160 420 2202 eum
434 2158 574 2218 servum,
589 2139 737 2222 patinam
751 2140 809 2221 qui
824 2139 933 2202 tollere
943 2142 1064 2224 jussus,
1181 2143 1229 2207 bb

204 2241 352 2304 Semesos
367 2239 471 2322 pisces
486 2237 697 2321 tepidumque
711 2238 866 2321 ligurierit
876 2241 941 2324 jus,

204 2341 243 2402 ln
258 2361 352 2402 cruce
368 2338 508 2421 suffigat,
524 2337 678 2402 Labeone
692 2338 836 2401 insanior
850 2339 932 2401 inter

203 2441 309 2503 Sanos
324 2439 459 2501 dicatur.
502 2439 639 2507 Quanto
654 2438 716 2500 hoe
732 2437 883 2500 furiosius
897 2448 994 2520 atque

204 2539 313 2623 Majus
327 2549 498 2620 peccatum
512 2537 579 2601 est!
624 2537 768 2600 Paulum
782 2537 918 2618 deliquit
933 2538 1078 2620 amicus;

203 2638 304 2709 Quod
320 2639 383 2701 nisi
397 2638 565 2717 concedas,
581 2638 901 2700 habeareinsuavis:
925 2639 1062 2701 acerbus
1183 2639 1227 2704 85

205 2738 312 2802 Odisti
325 2749 356 2800 et
372 2737 467 2819 fugis,
483 2747 520 2799 ut
534 2738 702 2800 Rusonem
717 2735 839 2799 debitor
854 2737 954 2818 aeris3

204 2839 276 2909 uui
290 2838 361 2918 nisi,
377 2858 455 2900 cum
470 2837 573 2899 tristes
588 2837 704 2898 misero
719 2856 834 2898 venere
850 2835 1023 2914 Calendae,

205 2938 389 3003 Mercedem
403 2947 462 3000 aut
480 2957 633 3001 nummos
647 2936 736 2999 unde
751 2937 839 2999 unde
854 2937 997 3016 extricat,
1014 2957 1142 2999 amaras
1213 2979 1216 2982 -

205 3040 353 3103 Porrecto
363 3037 479 3121 jugulo
495 3037 644 3099 historias
659 3035 810 3117 captivus
826 3046 862 3098 ut
877 3035 978 3098 audit.

206 3138 407 3202 comminxit
423 3135 544 3198 lectum
558 3146 652 3217 potus
668 3156 824 3198 mensave
838 3135 986 3198 catillum
1184 3140 1229 3204 90

206 3236 354 3301 Evandri
369 3235 523 3297 manibus
538 3236 649 3297 tritum
663 3235 795 3318 dejecit3
819 3235 861 3297 ob
875 3235 961 3298 hanc
977 3255 1054 3314 rem,

206 3340 273 3401 Aut
287 3334 429 3418 positum
443 3344 519 3395 ante
534 3353 607 3396 mea
621 3335 698 3416 quia
713 3335 841 3417 pullum
855 3336 889 3398 in
904 3344 993 3417 parte
1007 3335 1106 3397 catini

207 3436 346 3502 Sustulit
360 3434 514 3513 esuriens,
530 3434 640 3496 minus
655 3435 717 3496 hoc
728 3434 897 3518 jucundus
912 3435 1039 3497 amicus

207 3538 256 3602 Sit
271 3535 378 3598 mihi?
421 3534 515 3603 Quid
530 3533 658 3613 faciam,
675 3535 702 3596 si
717 3534 841 3596 furtum
856 3534 973 3615 fecerit,
989 3546 1047 3598 aut
1062 3555 1089 3597 s1

210 3705 248 3757 tt.
266 3704 387 3769 Ignoscat.
421 3707 460 3755 81.
478 3705 652 3766 trepidumque.
686 3704 726 3752 85.
740 3703 843 3752 habeare
856 3705 1091 3762 insuaviaacerbut:
1106 3702 1216 3753 Odisti-

559 3788 599 3835 91.
616 3794 727 3842 tortum;
754 3783 873 3848 sculptum
