2742 4250
406 239 409 246 ’
449 268 560 318 nunu
584 267 623 318 11.
674 267 810 318 evm
1092 250 1139 322 51

283 425 425 490 Ourstro
438 425 567 509 myrtol
588 443 689 508 quem
703 425 815 489 Venus
830 423 986 488 arbitrum
1097 423 1140 490 26

282 525 378 590 Dicet
390 523 547 588 bibendi?
589 524 664 588 Non
678 541 740 607 ego
752 523 866 586 senius

323 621 511 688 Beochsbor
526 621 669 686 Edonis:
692 632 819 706 recepto

367 721 470 786 Dulce
485 720 566 786 milri
581 720 685 785 furere
698 731 749 785 est
761 721 878 786 emico.

483 1351 662 1415 GARMEN
691 1353 784 1414 vm.

444 1567 506 1610 AD
543 1565 815 1610 nummu.

313 1758 389 1823 Ulla
402 1758 431 1822 si
440 1757 523 1843 Juris
538 1757 594 1820 tibi
608 1759 737 1843 pejerati

313 1859 429 1939 Poene,
443 1853 568 1938 Barine,
580 1857 742 1920 nocuisset
756 1875 912 1939 unquam,

314 1957 419 2020 Dente
433 1955 461 2019 si
475 1955 566 2038 nigro
581 1954 682 2036 fieres,
698 1955 751 2017 vel
766 1973 833 2017 uno

397 2056 538 2139 Turpior
551 2054 663 2138 ungui,

312 2252 492 2317 Crederem.
535 2252 600 2317 sed
610 2262 654 2332 tu,
669 2251 766 2315 simul
781 2249 929 2333 obligasti
1118 2254 1140 2317 ὕ

315 2350 481 2415 Perfidum
495 2352 578 2414 votis
592 2360 699 2433 ceput,
715 2350 865 2415 enitescis

317 2449 481 2513 Pulchrior
495 2448 599 2514 multo
608 2450 834 2532 juvenumque
847 2448 955 2531 prodis

397 2548 531 2613 Publice
546 2568 632 2611 cura.

313 2745 457 2830 Expedit
469 2746 580 2810 matris
594 2746 717 2810 cineres
730 2752 855 2828 opertos

314 2845 450 2927 Fallere,
466 2854 498 2908 et
513 2852 578 2908 toto
593 2845 754 2908 taciturne
767 2844 872 2907 noctis
1101 2843 1138 2907 to

314 2946 416 3027 Signa
430 2964 507 3007 curn
521 2943 618 3024 coelo,
634 2942 804 3026 gelidaque
819 2940 912 3005 divos

398 3043 500 3107 Morte
515 3054 669 3106 carentes,

315 3242 410 3307 Ridet
424 3242 494 3323 hoc,
510 3242 654 3323 inquam,
674 3241 780 3305 Venus
794 3240 874 3323 ipse,
890 3241 993 3305 rident

314 3342 485 3426 Simplices
499 3341 683 3424 Nymphae,
699 3339 785 3403 ferus
798 3350 831 3402 et
845 3340 981 3422 Cupido,

313 3444 448 3525 Semper
461 3440 609 3505 ardentes
624 3459 747 3503 acuens
761 3440 897 3522 sagittus
1104 3441 1139 3504 lli

400 3540 478 3605 ilote
493 3549 635 3604 cruenta.

502 3739 531 3789 C.
542 3740 593 3791 viii.
606 3739 642 3790 1⁰.
661 3740 771 3789 tacitum.
