2742 4250
239 224 309 300 [723
628 236 842 288 sarmarum

274 401 407 482 Semper
420 418 480 480 ego
494 397 631 479 optarim
646 395 869 478 pauperrimus
885 415 955 457 esse
970 394 1181 457 bonorum.--
1256 465 1258 471 y

276 501 317 562 At
332 499 359 561 si
373 497 539 561 condoluit
553 506 714 560 tentatum
728 495 841 576 frigore
856 514 980 576 eorpus,
1207 494 1259 572 sn
1359 491 1360 576 i

273 600 341 661 Aut
355 598 440 660 alius
454 616 551 659 casus
566 596 647 659 lecto
662 605 693 657 te
709 594 821 674 affixit,
837 595 939 658 habes
954 595 1010 677 qui
1359 586 1360 625 i

273 698 433 778 Assideat,
449 696 593 760 fomenta
606 705 704 777 paret,
720 693 884 757 medicum
899 706 995 776 roget,
1012 705 1048 758 ut
1062 705 1092 756 te

272 798 421 877 Susoitet,
437 817 476 860 ao
491 796 576 858 natis
588 794 704 858 reddat
718 795 865 876 carisque
879 795 1120 877 propinquis.-

273 899 347 963 Non
362 888 444 960 uxor
458 896 588 959 salvum
603 904 634 958 te
649 895 727 974 vult!
745 914 812 958 non
828 895 933 958 filius:
956 914 1067 957 omnes

276 996 379 1060 Vicini
393 995 537 1075 oderunt,
552 995 628 1074 noti,
644 995 735 1076 pueri
750 1004 847 1076 atque
863 994 998 1076 puellae.
1209 993 1250 1057 85
1297 999 1300 1005 '
1359 1031 1360 1084 p

274 1097 409 1176 Miraris²
424 1115 501 1158 cum
516 1106 553 1158 tu
567 1105 699 1176 argento
714 1105 785 1176 post
799 1094 908 1156 omnia
922 1114 1032 1176 ponas
1359 1087 1360 1140 i

272 1197 309 1260 Si
323 1215 419 1258 nemo
434 1206 579 1277 praestet,
594 1215 693 1277 quem
708 1214 773 1258 non
788 1195 946 1273 merearis,
962 1193 1126 1256 amorem?

272 1296 316 1358 At
331 1296 359 1358 si
373 1305 535 1376 cognatos,
552 1295 643 1358 nullo
657 1300 775 1358 natura
790 1295 896 1356 labore

272 1397 368 1465 Quos
384 1395 440 1458 tibi
455 1395 520 1474 dat,
535 1395 669 1457 retinere
684 1394 764 1456 velis
780 1413 969 1475 servareque
985 1393 1113 1472 amieos,
1359 1447 1360 1470 ,

273 1493 392 1558 Infelix
406 1513 536 1577 operam
550 1493 674 1575 perdas,
692 1503 729 1556 ut
744 1493 771 1556 si
786 1494 859 1574 quis
874 1493 1012 1556 asellum
1208 1494 1249 1555 90
1359 1477 1360 1488 ’

273 1601 311 1662 In
326 1617 441 1680 eampo
456 1595 569 1660 doceat
584 1606 749 1679 parentem
764 1616 888 1658 currere
902 1595 1009 1658 frenis.

273 1698 422 1779 Denique
438 1697 479 1760 sit
493 1696 568 1760 finis
582 1695 759 1777 quaerendi
771 1717 778 1778 ;
802 1714 944 1776 eumque
958 1695 1079 1756 habeas
1093 1693 1176 1775 plus,

272 1797 464 1880 Pauperiem
477 1805 605 1860 metuas
620 1795 748 1876 minus;
772 1805 804 1857 et
818 1794 910 1858 finire
925 1794 1065 1857 laborem

273 1897 420 1979 Incipias,
435 1905 525 1978 parto
540 1894 628 1977 quod
642 1895 782 1978 avebas3
805 1915 847 1958 ne
862 1893 963 1958 facias
978 1893 1064 1976 quod

271 1996 457 2060 Ummidius
472 1995 716 2078 quidam—non
731 1995 828 2077 longa
843 2006 892 2058 est
906 1993 1159 2074 fabula-dives,
1202 1995 1247 2058 95

272 2097 316 2161 Ut
331 2096 494 2161 metiretur
507 2115 669 2176 nummos,
685 2096 732 2159 ita
746 2095 903 2176 sordidus,
920 2105 957 2161 ut
972 2115 1006 2158 se

271 2196 346 2261 Non
361 2216 507 2278 unquam
523 2216 614 2259 servo
629 2195 746 2261 melius
760 2196 906 2276 vestiret3
930 2195 973 2258 ad
988 2214 1092 2277 usque

270 2298 467 2379 supremum
481 2306 617 2378 tempus,
633 2315 675 2359 ne
690 2316 724 2359 se
740 2296 873 2378 penuria
887 2296 994 2359 victus

271 2396 479 2478 Opprimeret,
495 2395 667 2459 metuebat.
711 2396 756 2459 At
771 2397 859 2459 huno
874 2395 987 2459 liberta
1001 2394 1105 2457 securi

274 2496 390 2559 Divisit
405 2496 558 2575 medium,
574 2494 748 2559 fortissima
764 2494 1084 2578 Tyndaridarum-
1184 2495 1246 2557 100

267 2596 363 2665 Quid
376 2606 424 2658 mr
438 2595 534 2677 igitur
547 2596 686 2659 suadesi
709 2607 746 2659 ut
761 2596 872 2659 vivam
887 2596 1053 2659 Naevius?
1075 2604 1133 2659 aut
1145 2596 1200 2674 sio,

270 2694 316 2760 Ut
330 2696 555 2758 Nomentanus
564 2695 734 2778 i-Pergis
749 2696 928 2779 pugnantia
943 2715 1054 2758 secum

271 2794 445 2859 Frontibus
460 2794 604 2858 adversis
618 2814 818 2878 componere.
863 2796 937 2859 Non
952 2816 1019 2878 eg0,
1036 2814 1175 2858 avarum

270 2896 357 2958 Cum
372 2905 444 2957 veto
459 2905 490 2957 te
505 2895 582 2976 fieri,
598 2915 739 2978 vappam
749 2896 847 2978 Jubeo
862 2915 900 2957 ae
915 2896 1119 2958 nebulonem.

270 2993 332 3059 Est
345 2993 427 3057 inter
441 2995 575 3057 Tanain
589 2995 748 3076 quiddam
762 3015 972 3077 socerumque
987 2995 1107 3059 viselli.
1168 3032 1169 3035 =
1187 2998 1247 3060 105
1359 2986 1360 2997 ’

270 3094 332 3157 Est
346 3093 462 3156 modus
477 3094 511 3156 in
525 3095 621 3157 rebus
634 3115 642 3177 3
666 3104 744 3158 sunt
758 3097 837 3157 eerti'
850 3094 990 3178 denique
1005 3096 1096 3176 fines,

271 3195 365 3263 Quos
381 3192 464 3254 ultra
479 3193 622 3275 citraque
636 3196 749 3275 nequit
763 3194 935 3257 consistere
949 3205 1080 3258 rectum.

272 3292 362 3372 illuc,
378 3292 466 3355 unde
481 3293 554 3372 abii,
571 3292 673 3375 reden,
689 3314 784 3357 nemo
799 3305 836 3357 ut
852 3314 971 3357 avarus

538 3479 577 3527 79.
595 3488 712 3539 optarem.
784 3481 824 3529 81.
842 3480 935 3529 afflixit.

326 3557 365 3607 88.
386 3557 483 3618 Au,si;
503 3558 612 3608 Orellius
619 3574 630 3615 ‚·
648 3560 687 3607 Ao
698 3560 737 3620 εἰς
755 3560 785 3608 de
798 3563 861 3624 conj.
874 3560 936 3617 Etsi,
948 3560 1004 3608 Non
1017 3561 1047 3617 ei,
1058 3559 1149 3610 Aurei.

289 3640 326 3688 se.
345 3654 443 3701 quoquae.
511 3639 551 3688 95.
569 3636 735 3690 Nummidius.
774 3642 858 3695 v101.
877 3640 982 3697 Quidue.
1050 3640 1106 3691 106.
1123 3651 1190 3691 reru

555 3720 609 3769 108.
626 3721 707 3771 redeo.
742 3720 847 3771 Nemon’
861 3732 927 3773 ut-.
