<?xml version="1.0" encoding="UTF-8"?>
<!DOCTYPE html PUBLIC "-//W3C//DTD XHTML 1.0 Transitional//EN"
    "http://www.w3.org/TR/xhtml1/DTD/xhtml1-transitional.dtd">
<html xmlns="http://www.w3.org/1999/xhtml" xml:lang="en" lang="en">
 <head>
  <title>
</title>
<meta http-equiv="Content-Type" content="text/html;charset=utf-8" />
  <meta name='ocr-system' content='tesseract 3.04.00' />
  <meta name='ocr-capabilities' content='ocr_page ocr_carea ocr_par ocr_line ocrx_word'/>
</head>
<body>
  <div class='ocr_page' id='page_1' title='image "./workshoracewith01lincgoog_0310.png"; bbox 0 0 2742 4250; ppageno 0'>
   <div class='ocr_carea' id='block_1_1' title="bbox 245 223 880 294">
    <p class='ocr_par' dir='ltr' id='par_1_1' title="bbox 245 223 880 294">
     <span class='ocr_line' id='line_1_1' title="bbox 245 223 880 294; baseline 0.003 -4"><span class='ocrx_word' id='word_1_1' title='bbox 245 223 315 294; x_wconf 79' lang='lat'><strong>264</strong></span> <span class='ocrx_word' id='word_1_2' title='bbox 624 239 880 292; x_wconf 75' lang='lat' dir='ltr'><strong>erumnam</strong></span> 
     </span>
    </p>
   </div>
   <div class='ocr_carea' id='block_1_2' title="bbox 240 395 1262 1579">
    <p class='ocr_par' dir='ltr' id='par_1_2' title="bbox 241 395 1167 484">
     <span class='ocr_line' id='line_1_2' title="bbox 241 395 1167 484; baseline 0.002 -21"><span class='ocrx_word' id='word_1_3' title='bbox 241 397 370 463; x_wconf 82' lang='lat' dir='ltr'><strong>Stultus</strong></span> <span class='ocrx_word' id='word_1_4' title='bbox 386 405 519 478; x_wconf 81' lang='lat' dir='ltr'><strong>uterque</strong></span> <span class='ocrx_word' id='word_1_5' title='bbox 534 395 643 460; x_wconf 89' lang='lat' dir='ltr'><strong>locum</strong></span> <span class='ocrx_word' id='word_1_6' title='bbox 657 397 856 462; x_wconf 89' lang='lat' dir='ltr'><strong>immeritum</strong></span> <span class='ocrx_word' id='word_1_7' title='bbox 868 410 1024 464; x_wconf 81' lang='lat' dir='ltr'><strong>causatur</strong></span> <span class='ocrx_word' id='word_1_8' title='bbox 1036 401 1167 484; x_wconf 71' lang='lat' dir='ltr'><strong>iniquas</strong></span> 
     </span>
    </p>

    <p class='ocr_par' dir='ltr' id='par_1_3' title="bbox 242 496 1112 581">
     <span class='ocr_line' id='line_1_3' title="bbox 242 496 1112 581; baseline 0 -19"><span class='ocrx_word' id='word_1_9' title='bbox 242 501 281 562; x_wconf 93' lang='lat' dir='ltr'><strong>ln</strong></span> <span class='ocrx_word' id='word_1_10' title='bbox 296 497 393 581; x_wconf 90' lang='lat' dir='ltr'><strong>culpa</strong></span> <span class='ocrx_word' id='word_1_11' title='bbox 406 506 456 558; x_wconf 88' lang='lat' dir='ltr'><strong>est</strong></span> <span class='ocrx_word' id='word_1_12' title='bbox 469 496 608 575; x_wconf 89' lang='lat' dir='ltr'><strong>animus,</strong></span> <span class='ocrx_word' id='word_1_13' title='bbox 623 497 682 578; x_wconf 91' lang='lat' dir='ltr'><strong>qui</strong></span> <span class='ocrx_word' id='word_1_14' title='bbox 696 517 732 560; x_wconf 85' lang='lat' dir='ltr'><strong>ae</strong></span> <span class='ocrx_word' id='word_1_15' title='bbox 745 516 814 562; x_wconf 90' lang='lat' dir='ltr'><strong>nou</strong></span> <span class='ocrx_word' id='word_1_16' title='bbox 825 497 941 581; x_wconf 84' lang='lat' dir='ltr'><strong>cffugit</strong></span> <span class='ocrx_word' id='word_1_17' title='bbox 954 518 1112 581; x_wconf 91' lang='lat' dir='ltr'><strong>unquam.</strong></span> 
     </span>
    </p>

    <p class='ocr_par' dir='ltr' id='par_1_4' title="bbox 241 596 993 679">
     <span class='ocr_line' id='line_1_4' title="bbox 241 596 993 679; baseline -0.003 -16"><span class='ocrx_word' id='word_1_18' title='bbox 241 600 299 663; x_wconf 85' lang='lat' dir='ltr'><strong>&#39;I&#39;u</strong></span> <span class='ocrx_word' id='word_1_19' title='bbox 312 596 526 660; x_wconf 78' lang='lat' dir='ltr'><strong>mediastinus</strong></span> <span class='ocrx_word' id='word_1_20' title='bbox 541 596 639 658; x_wconf 89' lang='lat' dir='ltr'><strong>tacita</strong></span> <span class='ocrx_word' id='word_1_21' title='bbox 654 616 746 678; x_wconf 88' lang='lat' dir='ltr'><strong>prece</strong></span> <span class='ocrx_word' id='word_1_22' title='bbox 760 617 838 660; x_wconf 89' lang='lat' dir='ltr'><strong>rura</strong></span> <span class='ocrx_word' id='word_1_23' title='bbox 850 599 993 679; x_wconf 83' lang='lat' dir='ltr'><strong>petebas,</strong></span> 
     </span>
    </p>

    <p class='ocr_par' dir='ltr' id='par_1_5' title="bbox 241 694 1262 979">
     <span class='ocr_line' id='line_1_5' title="bbox 241 694 1262 780; baseline 0.001 -17"><span class='ocrx_word' id='word_1_24' title='bbox 241 699 338 763; x_wconf 91' lang='lat' dir='ltr'><strong>Nunc</strong></span> <span class='ocrx_word' id='word_1_25' title='bbox 352 697 466 760; x_wconf 89' lang='lat' dir='ltr'><strong>urbem</strong></span> <span class='ocrx_word' id='word_1_26' title='bbox 480 706 512 758; x_wconf 89' lang='lat' dir='ltr'><strong>et</strong></span> <span class='ocrx_word' id='word_1_27' title='bbox 526 694 621 758; x_wconf 92' lang='lat' dir='ltr'><strong>ludos</strong></span> <span class='ocrx_word' id='word_1_28' title='bbox 634 706 668 760; x_wconf 90' lang='lat' dir='ltr'><strong>et</strong></span> <span class='ocrx_word' id='word_1_29' title='bbox 681 696 800 760; x_wconf 85' lang='lat' dir='ltr'><strong>balnea</strong></span> <span class='ocrx_word' id='word_1_30' title='bbox 813 698 943 760; x_wconf 89' lang='lat' dir='ltr'><strong>villicus</strong></span> <span class='ocrx_word' id='word_1_31' title='bbox 956 708 1068 780; x_wconf 79' lang='lat' dir='ltr'><strong>optas3</strong></span> <span class='ocrx_word' id='word_1_32' title='bbox 1223 700 1262 776; x_wconf 79' lang='grc'><strong>15</strong></span> 
     </span>
     <span class='ocr_line' id='line_1_6' title="bbox 241 794 1012 877; baseline -0.003 -15"><span class='ocrx_word' id='word_1_33' title='bbox 241 799 295 863; x_wconf 87' lang='lat' dir='ltr'><strong>Me</strong></span> <span class='ocrx_word' id='word_1_34' title='bbox 309 807 455 861; x_wconf 77' lang='lat' dir='ltr'><strong>constare</strong></span> <span class='ocrx_word' id='word_1_35' title='bbox 469 795 551 858; x_wconf 91' lang='lat' dir='ltr'><strong>mihi</strong></span> <span class='ocrx_word' id='word_1_36' title='bbox 566 796 637 875; x_wconf 89' lang='lat' dir='ltr'><strong>scis,</strong></span> <span class='ocrx_word' id='word_1_37' title='bbox 652 805 686 859; x_wconf 87' lang='lat' dir='ltr'><strong>ct</strong></span> <span class='ocrx_word' id='word_1_38' title='bbox 700 794 864 860; x_wconf 74' lang='lat' dir='ltr'><strong>discedere</strong></span> <span class='ocrx_word' id='word_1_39' title='bbox 879 797 1012 877; x_wconf 81' lang='lat' dir='ltr'><strong>tristem,</strong></span> 
     </span>
     <span class='ocr_line' id='line_1_7' title="bbox 241 895 1093 979; baseline -0.001 -18"><span class='ocrx_word' id='word_1_40' title='bbox 241 896 515 978; x_wconf 80' lang='lat' dir='ltr'><strong>Quandocrmque</strong></span> <span class='ocrx_word' id='word_1_41' title='bbox 530 895 664 958; x_wconf 86' lang='lat' dir='ltr'><strong>trahunt</strong></span> <span class='ocrx_word' id='word_1_42' title='bbox 678 895 786 958; x_wconf 79' lang='lat' dir='ltr'><strong>inrisa</strong></span> <span class='ocrx_word' id='word_1_43' title='bbox 799 898 931 979; x_wconf 89' lang='lat' dir='ltr'><strong>negotia</strong></span> <span class='ocrx_word' id='word_1_44' title='bbox 944 898 1093 960; x_wconf 79' lang='lat' dir='ltr'><strong>Romam.</strong></span> 
     </span>
    </p>

    <p class='ocr_par' dir='ltr' id='par_1_6' title="bbox 242 995 1002 1077">
     <span class='ocr_line' id='line_1_8' title="bbox 242 995 1002 1077; baseline -0.003 -16"><span class='ocrx_word' id='word_1_45' title='bbox 242 999 314 1062; x_wconf 90' lang='lat' dir='ltr'><strong>Non</strong></span> <span class='ocrx_word' id='word_1_46' title='bbox 328 995 443 1060; x_wconf 89' lang='lat' dir='ltr'><strong>eadem</strong></span> <span class='ocrx_word' id='word_1_47' title='bbox 456 997 629 1077; x_wconf 89' lang='lat' dir='ltr'><strong>miramur;</strong></span> <span class='ocrx_word' id='word_1_48' title='bbox 652 1015 692 1058; x_wconf 93' lang='lat' dir='ltr'><strong>eo</strong></span> <span class='ocrx_word' id='word_1_49' title='bbox 704 995 907 1060; x_wconf 83' lang='lat' dir='ltr'><strong>disconvenit</strong></span> <span class='ocrx_word' id='word_1_50' title='bbox 920 997 1002 1060; x_wconf 90' lang='lat' dir='ltr'><strong>inter</strong></span> 
     </span>
    </p>

    <p class='ocr_par' dir='ltr' id='par_1_7' title="bbox 240 1094 1262 1477">
     <span class='ocr_line' id='line_1_9' title="bbox 240 1094 1172 1180; baseline -0.001 -18"><span class='ocrx_word' id='word_1_51' title='bbox 240 1099 359 1180; x_wconf 87' lang='lat' dir='ltr'><strong>Meque</strong></span> <span class='ocrx_word' id='word_1_52' title='bbox 373 1107 405 1159; x_wconf 90' lang='lat' dir='ltr'><strong>ct</strong></span> <span class='ocrx_word' id='word_1_53' title='bbox 420 1105 470 1159; x_wconf 81' lang='lat' dir='ltr'><strong>te:</strong></span> <span class='ocrx_word' id='word_1_54' title='bbox 491 1115 578 1176; x_wconf 87' lang='lat' dir='ltr'><strong>nam,</strong></span> <span class='ocrx_word' id='word_1_55' title='bbox 593 1115 678 1178; x_wconf 89' lang='lat' dir='ltr'><strong>quae</strong></span> <span class='ocrx_word' id='word_1_56' title='bbox 692 1094 820 1158; x_wconf 85' lang='lat' dir='ltr'><strong>deserta</strong></span> <span class='ocrx_word' id='word_1_57' title='bbox 832 1106 865 1158; x_wconf 92' lang='lat' dir='ltr'><strong>ct</strong></span> <span class='ocrx_word' id='word_1_58' title='bbox 879 1097 1043 1179; x_wconf 86' lang='lat' dir='ltr'><strong>inhospita</strong></span> <span class='ocrx_word' id='word_1_59' title='bbox 1056 1106 1172 1179; x_wconf 83' lang='lat' dir='ltr'><strong>tesqua</strong></span> 
     </span>
     <span class='ocr_line' id='line_1_10' title="bbox 241 1196 1262 1277; baseline 0 -17"><span class='ocrx_word' id='word_1_60' title='bbox 241 1197 361 1276; x_wconf 85' lang='lat' dir='ltr'><strong>Credis,</strong></span> <span class='ocrx_word' id='word_1_61' title='bbox 377 1215 515 1259; x_wconf 87' lang='lat' dir='ltr'><strong>amoena</strong></span> <span class='ocrx_word' id='word_1_62' title='bbox 529 1206 632 1275; x_wconf 81' lang='lat' dir='ltr'><strong>vocat,</strong></span> <span class='ocrx_word' id='word_1_63' title='bbox 647 1214 780 1258; x_wconf 87' lang='lat' dir='ltr'><strong>mecum</strong></span> <span class='ocrx_word' id='word_1_64' title='bbox 793 1196 851 1277; x_wconf 90' lang='lat' dir='ltr'><strong>qui</strong></span> <span class='ocrx_word' id='word_1_65' title='bbox 864 1196 972 1276; x_wconf 87' lang='lat' dir='ltr'><strong>sentit,</strong></span> <span class='ocrx_word' id='word_1_66' title='bbox 986 1206 1020 1258; x_wconf 91' lang='lat' dir='ltr'><strong>ct</strong></span> <span class='ocrx_word' id='word_1_67' title='bbox 1033 1196 1109 1277; x_wconf 89' lang='lat' dir='ltr'><strong>odit,</strong></span> <span class='ocrx_word' id='word_1_68' title='bbox 1219 1197 1262 1260; x_wconf 78' lang='lat' dir='ltr'><strong>2ss</strong></span> 
     </span>
     <span class='ocr_line' id='line_1_11' title="bbox 240 1294 1197 1378; baseline 0 -19"><span class='ocrx_word' id='word_1_69' title='bbox 240 1299 338 1367; x_wconf 80' lang='lat' dir='ltr'><strong>Quae</strong></span> <span class='ocrx_word' id='word_1_70' title='bbox 353 1307 390 1359; x_wconf 92' lang='lat' dir='ltr'><strong>tu</strong></span> <span class='ocrx_word' id='word_1_71' title='bbox 403 1295 540 1378; x_wconf 88' lang='lat' dir='ltr'><strong>pulchra</strong></span> <span class='ocrx_word' id='word_1_72' title='bbox 553 1305 658 1377; x_wconf 86' lang='lat' dir='ltr'><strong>putas.</strong></span> <span class='ocrx_word' id='word_1_73' title='bbox 702 1294 827 1358; x_wconf 84' lang='lat' dir='ltr'><strong>Fornix</strong></span> <span class='ocrx_word' id='word_1_74' title='bbox 842 1295 901 1358; x_wconf 87' lang='lat' dir='ltr'><strong>tibi</strong></span> <span class='ocrx_word' id='word_1_75' title='bbox 914 1305 947 1358; x_wconf 90' lang='lat' dir='ltr'><strong>et</strong></span> <span class='ocrx_word' id='word_1_76' title='bbox 961 1307 1063 1359; x_wconf 86' lang='lat' dir='ltr'><strong>uncta</strong></span> <span class='ocrx_word' id='word_1_77' title='bbox 1075 1295 1197 1378; x_wconf 86' lang='lat' dir='ltr'><strong>popina</strong></span> 
     </span>
     <span class='ocr_line' id='line_1_12' title="bbox 242 1393 998 1477; baseline -0.003 -18"><span class='ocrx_word' id='word_1_78' title='bbox 242 1397 408 1460; x_wconf 87' lang='lat' dir='ltr'><strong>lncutiunt</strong></span> <span class='ocrx_word' id='word_1_79' title='bbox 422 1394 510 1457; x_wconf 90' lang='lat' dir='ltr'><strong>urbis</strong></span> <span class='ocrx_word' id='word_1_80' title='bbox 525 1393 729 1473; x_wconf 88' lang='lat' dir='ltr'><strong>desiderium,</strong></span> <span class='ocrx_word' id='word_1_81' title='bbox 743 1393 848 1474; x_wconf 82' lang='lat' dir='ltr'><strong>video,</strong></span> <span class='ocrx_word' id='word_1_82' title='bbox 863 1404 896 1457; x_wconf 91' lang='lat' dir='ltr'><strong>et</strong></span> <span class='ocrx_word' id='word_1_83' title='bbox 908 1394 998 1477; x_wconf 91' lang='lat' dir='ltr'><strong>quod</strong></span> 
     </span>
    </p>

    <p class='ocr_par' dir='ltr' id='par_1_8' title="bbox 242 1493 1006 1579">
     <span class='ocr_line' id='line_1_13' title="bbox 242 1493 1006 1579; baseline -0.004 -19"><span class='ocrx_word' id='word_1_84' title='bbox 242 1495 392 1579; x_wconf 83' lang='lat' dir='ltr'><strong>Angulus</strong></span> <span class='ocrx_word' id='word_1_85' title='bbox 408 1495 467 1557; x_wconf 90' lang='lat' dir='ltr'><strong>iste</strong></span> <span class='ocrx_word' id='word_1_86' title='bbox 482 1493 560 1558; x_wconf 85' lang='lat' dir='ltr'><strong>ieret</strong></span> <span class='ocrx_word' id='word_1_87' title='bbox 574 1493 663 1576; x_wconf 87' lang='lat' dir='ltr'><strong>piper</strong></span> <span class='ocrx_word' id='word_1_88' title='bbox 676 1504 710 1556; x_wconf 88' lang='lat' dir='ltr'><strong>et</strong></span> <span class='ocrx_word' id='word_1_89' title='bbox 723 1495 801 1557; x_wconf 88' lang='lat' dir='ltr'><strong>thus</strong></span> <span class='ocrx_word' id='word_1_90' title='bbox 814 1495 906 1559; x_wconf 90' lang='lat' dir='ltr'><strong>ocius</strong></span> <span class='ocrx_word' id='word_1_91' title='bbox 920 1514 1006 1576; x_wconf 80' lang='lat' dir='ltr'><strong>uva3</strong></span> 
     </span>
    </p>
   </div>
   <div class='ocr_carea' id='block_1_3' title="bbox 240 1593 1345 2077">
    <p class='ocr_par' dir='ltr' id='par_1_9' title="bbox 240 1593 1345 2077">
     <span class='ocr_line' id='line_1_14' title="bbox 242 1593 1000 1675; baseline -0.004 -17"><span class='ocrx_word' id='word_1_92' title='bbox 242 1595 310 1658; x_wconf 90' lang='lat' dir='ltr'><strong>Nec</strong></span> <span class='ocrx_word' id='word_1_93' title='bbox 323 1593 432 1658; x_wconf 89' lang='lat' dir='ltr'><strong>vicina</strong></span> <span class='ocrx_word' id='word_1_94' title='bbox 446 1593 557 1656; x_wconf 88' lang='lat' dir='ltr'><strong>subest</strong></span> <span class='ocrx_word' id='word_1_95' title='bbox 570 1593 688 1656; x_wconf 89' lang='lat' dir='ltr'><strong>vinum</strong></span> <span class='ocrx_word' id='word_1_96' title='bbox 701 1593 851 1675; x_wconf 86' lang='lat' dir='ltr'><strong>praebere</strong></span> <span class='ocrx_word' id='word_1_97' title='bbox 866 1594 1000 1657; x_wconf 88' lang='lat' dir='ltr'><strong>taberna</strong></span> 
     </span>
     <span class='ocr_line' id='line_1_15' title="bbox 240 1692 1345 1777; baseline 0 -21"><span class='ocrx_word' id='word_1_98' title='bbox 240 1696 337 1764; x_wconf 80' lang='lat' dir='ltr'><strong>Quae</strong></span> <span class='ocrx_word' id='word_1_99' title='bbox 351 1693 451 1777; x_wconf 91' lang='lat' dir='ltr'><strong>possit</strong></span> <span class='ocrx_word' id='word_1_100' title='bbox 465 1693 530 1770; x_wconf 93' lang='lat' dir='ltr'><strong>tibi,</strong></span> <span class='ocrx_word' id='word_1_101' title='bbox 546 1712 606 1756; x_wconf 90' lang='lat' dir='ltr'><strong>nec</strong></span> <span class='ocrx_word' id='word_1_102' title='bbox 622 1692 773 1756; x_wconf 86' lang='lat' dir='ltr'><strong>meretrix</strong></span> <span class='ocrx_word' id='word_1_103' title='bbox 787 1692 929 1769; x_wconf 89' lang='lat' dir='ltr'><strong>tibicina,</strong></span> <span class='ocrx_word' id='word_1_104' title='bbox 943 1694 1038 1777; x_wconf 87' lang='lat' dir='ltr'><strong>cujus</strong></span> <span class='ocrx_word' id='word_1_105' title='bbox 1216 1693 1259 1756; x_wconf 80' lang='lat'><strong>26</strong></span> <span class='ocrx_word' id='word_1_106' title='bbox 1344 1720 1345 1725; x_wconf 44' lang='lat'>¹</span> 
     </span>
     <span class='ocr_line' id='line_1_16' title="bbox 241 1792 1136 1876; baseline -0.001 -21"><span class='ocrx_word' id='word_1_107' title='bbox 241 1793 292 1855; x_wconf 83' lang='lat' dir='ltr'><strong>Ad</strong></span> <span class='ocrx_word' id='word_1_108' title='bbox 307 1793 473 1876; x_wconf 87' lang='lat' dir='ltr'><strong>strepitum</strong></span> <span class='ocrx_word' id='word_1_109' title='bbox 489 1792 587 1854; x_wconf 86' lang='lat' dir='ltr'><strong>salias</strong></span> <span class='ocrx_word' id='word_1_110' title='bbox 602 1801 704 1854; x_wconf 83' lang='lat' dir='ltr'><strong>terrae</strong></span> <span class='ocrx_word' id='word_1_111' title='bbox 718 1792 845 1874; x_wconf 85' lang='lat' dir='ltr'><strong>gravis:</strong></span> <span class='ocrx_word' id='word_1_112' title='bbox 867 1803 900 1854; x_wconf 90' lang='lat' dir='ltr'><strong>et</strong></span> <span class='ocrx_word' id='word_1_113' title='bbox 914 1803 1025 1855; x_wconf 88' lang='lat' dir='ltr'><strong>tamen</strong></span> <span class='ocrx_word' id='word_1_114' title='bbox 1039 1811 1136 1874; x_wconf 87' lang='lat' dir='ltr'><strong>urges</strong></span> 
     </span>
     <span class='ocr_line' id='line_1_17' title="bbox 240 1891 1098 1976; baseline -0.003 -20"><span class='ocrx_word' id='word_1_115' title='bbox 240 1892 439 1976; x_wconf 78' lang='lat' dir='ltr'><strong>iampridem</strong></span> <span class='ocrx_word' id='word_1_116' title='bbox 453 1912 519 1955; x_wconf 90' lang='lat' dir='ltr'><strong>non</strong></span> <span class='ocrx_word' id='word_1_117' title='bbox 535 1901 621 1953; x_wconf 86' lang='lat' dir='ltr'><strong>tacta</strong></span> <span class='ocrx_word' id='word_1_118' title='bbox 637 1891 799 1974; x_wconf 84' lang='lat' dir='ltr'><strong>ligonibus</strong></span> <span class='ocrx_word' id='word_1_119' title='bbox 814 1911 901 1971; x_wconf 85' lang='lat' dir='ltr'><strong>arva,</strong></span> <span class='ocrx_word' id='word_1_120' title='bbox 917 1892 1098 1972; x_wconf 87' lang='lat' dir='ltr'><strong>bovemque</strong></span> 
     </span>
     <span class='ocr_line' id='line_1_18' title="bbox 240 1990 1063 2077; baseline -0.004 -21"><span class='ocrx_word' id='word_1_121' title='bbox 240 1994 447 2077; x_wconf 76' lang='lat' dir='ltr'><strong>DiSJunctum</strong></span> <span class='ocrx_word' id='word_1_122' title='bbox 462 2012 558 2054; x_wconf 89' lang='lat' dir='ltr'><strong>curas</strong></span> <span class='ocrx_word' id='word_1_123' title='bbox 573 2002 604 2054; x_wconf 88' lang='lat' dir='ltr'><strong>et</strong></span> <span class='ocrx_word' id='word_1_124' title='bbox 619 1992 737 2054; x_wconf 86' lang='lat' dir='ltr'><strong>strictis</strong></span> <span class='ocrx_word' id='word_1_125' title='bbox 751 1991 918 2054; x_wconf 83' lang='lat' dir='ltr'><strong>frondibus</strong></span> <span class='ocrx_word' id='word_1_126' title='bbox 933 1990 1063 2074; x_wconf 76' lang='lat' dir='ltr'><strong>exples3</strong></span> 
     </span>
    </p>
   </div>
   <div class='ocr_carea' id='block_1_4' title="bbox 239 2090 1258 3668">
    <p class='ocr_par' dir='ltr' id='par_1_10' title="bbox 241 2090 953 2176">
     <span class='ocr_line' id='line_1_19' title="bbox 241 2090 953 2176; baseline -0.001 -21"><span class='ocrx_word' id='word_1_127' title='bbox 241 2092 339 2156; x_wconf 83' lang='lat' dir='ltr'><strong>Addit</strong></span> <span class='ocrx_word' id='word_1_128' title='bbox 352 2111 434 2176; x_wconf 85' lang='lat' dir='ltr'><strong>opus</strong></span> <span class='ocrx_word' id='word_1_129' title='bbox 449 2092 539 2175; x_wconf 91' lang='lat' dir='ltr'><strong>pigro</strong></span> <span class='ocrx_word' id='word_1_130' title='bbox 553 2091 651 2173; x_wconf 87' lang='lat' dir='ltr'><strong>rivus,</strong></span> <span class='ocrx_word' id='word_1_131' title='bbox 667 2091 695 2155; x_wconf 93' lang='lat' dir='ltr'><strong>si</strong></span> <span class='ocrx_word' id='word_1_132' title='bbox 709 2090 829 2155; x_wconf 86' lang='lat' dir='ltr'><strong>decidit</strong></span> <span class='ocrx_word' id='word_1_133' title='bbox 843 2091 953 2173; x_wconf 86' lang='lat' dir='ltr'><strong>imber,</strong></span> 
     </span>
    </p>

    <p class='ocr_par' dir='ltr' id='par_1_11' title="bbox 239 2190 1258 2474">
     <span class='ocr_line' id='line_1_20' title="bbox 240 2190 1258 2275; baseline 0.001 -20"><span class='ocrx_word' id='word_1_134' title='bbox 240 2192 346 2256; x_wconf 88' lang='lat' dir='ltr'><strong>Multa</strong></span> <span class='ocrx_word' id='word_1_135' title='bbox 359 2191 444 2255; x_wconf 91' lang='lat' dir='ltr'><strong>mole</strong></span> <span class='ocrx_word' id='word_1_136' title='bbox 459 2190 625 2254; x_wconf 91' lang='lat' dir='ltr'><strong>docendus</strong></span> <span class='ocrx_word' id='word_1_137' title='bbox 640 2192 748 2273; x_wconf 90' lang='lat' dir='ltr'><strong>aprico</strong></span> <span class='ocrx_word' id='word_1_138' title='bbox 761 2212 890 2275; x_wconf 87' lang='lat' dir='ltr'><strong>parcere</strong></span> <span class='ocrx_word' id='word_1_139' title='bbox 905 2202 1004 2274; x_wconf 88' lang='lat' dir='ltr'><strong>prato.</strong></span> <span class='ocrx_word' id='word_1_140' title='bbox 1215 2190 1258 2256; x_wconf 82' lang='lat'><strong>30</strong></span> 
     </span>
     <span class='ocr_line' id='line_1_21' title="bbox 240 2290 1149 2373; baseline -0.002 -18"><span class='ocrx_word' id='word_1_141' title='bbox 240 2292 347 2373; x_wconf 90' lang='lat' dir='ltr'><strong>Nunc,</strong></span> <span class='ocrx_word' id='word_1_142' title='bbox 362 2311 431 2373; x_wconf 86' lang='lat' dir='ltr'><strong>age,</strong></span> <span class='ocrx_word' id='word_1_143' title='bbox 446 2291 527 2373; x_wconf 92' lang='lat' dir='ltr'><strong>quid</strong></span> <span class='ocrx_word' id='word_1_144' title='bbox 542 2302 689 2355; x_wconf 89' lang='lat' dir='ltr'><strong>nostrum</strong></span> <span class='ocrx_word' id='word_1_145' title='bbox 702 2301 898 2355; x_wconf 87' lang='lat' dir='ltr'><strong>concentum</strong></span> <span class='ocrx_word' id='word_1_146' title='bbox 911 2291 1044 2372; x_wconf 77' lang='lat' dir='ltr'><strong>dividat,</strong></span> <span class='ocrx_word' id='word_1_147' title='bbox 1060 2290 1149 2353; x_wconf 87' lang='lat' dir='ltr'><strong>audi.</strong></span> 
     </span>
     <span class='ocr_line' id='line_1_22' title="bbox 239 2390 1041 2474; baseline 0 -21"><span class='ocrx_word' id='word_1_148' title='bbox 239 2393 351 2461; x_wconf 80' lang='lat' dir='ltr'><strong>Quem</strong></span> <span class='ocrx_word' id='word_1_149' title='bbox 365 2401 479 2454; x_wconf 83' lang='lat' dir='ltr'><strong>tenues</strong></span> <span class='ocrx_word' id='word_1_150' title='bbox 493 2391 629 2455; x_wconf 87' lang='lat' dir='ltr'><strong>decuere</strong></span> <span class='ocrx_word' id='word_1_151' title='bbox 644 2402 738 2473; x_wconf 90' lang='lat' dir='ltr'><strong>togae</strong></span> <span class='ocrx_word' id='word_1_152' title='bbox 752 2391 910 2473; x_wconf 90' lang='lat' dir='ltr'><strong>nitidique</strong></span> <span class='ocrx_word' id='word_1_153' title='bbox 923 2390 1041 2474; x_wconf 86' lang='lat' dir='ltr'><strong>capilli,</strong></span> 
     </span>
    </p>

    <p class='ocr_par' dir='ltr' id='par_1_12' title="bbox 240 2489 1083 2573">
     <span class='ocr_line' id='line_1_23' title="bbox 240 2489 1083 2573; baseline -0.001 -21"><span class='ocrx_word' id='word_1_154' title='bbox 240 2493 352 2560; x_wconf 81' lang='lat' dir='ltr'><strong>erem</strong></span> <span class='ocrx_word' id='word_1_155' title='bbox 366 2491 429 2553; x_wconf 90' lang='lat' dir='ltr'><strong>scis</strong></span> <span class='ocrx_word' id='word_1_156' title='bbox 444 2491 622 2553; x_wconf 88' lang='lat' dir='ltr'><strong>immunem</strong></span> <span class='ocrx_word' id='word_1_157' title='bbox 638 2490 776 2553; x_wconf 84' lang='lat' dir='ltr'><strong>Cinarae</strong></span> <span class='ocrx_word' id='word_1_158' title='bbox 791 2489 952 2573; x_wconf 86' lang='lat' dir='ltr'><strong>placuisse</strong></span> <span class='ocrx_word' id='word_1_159' title='bbox 965 2489 1083 2572; x_wconf 87' lang='lat' dir='ltr'><strong>rapaci,</strong></span> 
     </span>
    </p>

    <p class='ocr_par' dir='ltr' id='par_1_13' title="bbox 239 2588 1067 2672">
     <span class='ocr_line' id='line_1_24' title="bbox 239 2588 1067 2672; baseline -0.002 -20"><span class='ocrx_word' id='word_1_160' title='bbox 239 2591 350 2659; x_wconf 80' lang='lat' dir='ltr'><strong>Quem</strong></span> <span class='ocrx_word' id='word_1_161' title='bbox 363 2589 513 2653; x_wconf 91' lang='lat' dir='ltr'><strong>bibulum</strong></span> <span class='ocrx_word' id='word_1_162' title='bbox 528 2589 644 2672; x_wconf 92' lang='lat' dir='ltr'><strong>liquidi</strong></span> <span class='ocrx_word' id='word_1_163' title='bbox 658 2589 767 2653; x_wconf 91' lang='lat' dir='ltr'><strong>media</strong></span> <span class='ocrx_word' id='word_1_164' title='bbox 781 2589 823 2653; x_wconf 90' lang='lat' dir='ltr'><strong>de</strong></span> <span class='ocrx_word' id='word_1_165' title='bbox 838 2589 911 2652; x_wconf 89' lang='lat' dir='ltr'><strong>luce</strong></span> <span class='ocrx_word' id='word_1_166' title='bbox 927 2588 1067 2668; x_wconf 86' lang='lat' dir='ltr'><strong>Falerni,</strong></span> 
     </span>
    </p>

    <p class='ocr_par' dir='ltr' id='par_1_14' title="bbox 240 2686 1255 2871">
     <span class='ocr_line' id='line_1_25' title="bbox 240 2686 1255 2774; baseline 0 -23"><span class='ocrx_word' id='word_1_167' title='bbox 240 2691 350 2752; x_wconf 83' lang='lat' dir='ltr'><strong>Coena</strong></span> <span class='ocrx_word' id='word_1_168' title='bbox 365 2689 468 2753; x_wconf 84' lang='lat' dir='ltr'><strong>brevis</strong></span> <span class='ocrx_word' id='word_1_169' title='bbox 477 2692 574 2774; x_wconf 84' lang='lat' dir='ltr'><strong>juvat</strong></span> <span class='ocrx_word' id='word_1_170' title='bbox 587 2700 620 2753; x_wconf 89' lang='lat' dir='ltr'><strong>et</strong></span> <span class='ocrx_word' id='word_1_171' title='bbox 633 2709 730 2774; x_wconf 89' lang='lat' dir='ltr'><strong>prope</strong></span> <span class='ocrx_word' id='word_1_172' title='bbox 744 2689 852 2753; x_wconf 87' lang='lat' dir='ltr'><strong>rivum</strong></span> <span class='ocrx_word' id='word_1_173' title='bbox 866 2708 1002 2752; x_wconf 90' lang='lat' dir='ltr'><strong>somnus</strong></span> <span class='ocrx_word' id='word_1_174' title='bbox 1016 2688 1052 2752; x_wconf 92' lang='lat' dir='ltr'><strong>in</strong></span> <span class='ocrx_word' id='word_1_175' title='bbox 1066 2688 1186 2770; x_wconf 81' lang='lat' dir='ltr'><strong>berba3</strong></span> <span class='ocrx_word' id='word_1_176' title='bbox 1214 2686 1255 2751; x_wconf 77' lang='lat'><strong>35</strong></span> 
     </span>
     <span class='ocr_line' id='line_1_26' title="bbox 240 2788 1008 2871; baseline -0.001 -20"><span class='ocrx_word' id='word_1_177' title='bbox 240 2788 308 2852; x_wconf 92' lang='lat' dir='ltr'><strong>Nec</strong></span> <span class='ocrx_word' id='word_1_178' title='bbox 322 2788 438 2852; x_wconf 89' lang='lat' dir='ltr'><strong>lusisse</strong></span> <span class='ocrx_word' id='word_1_179' title='bbox 452 2788 559 2871; x_wconf 90' lang='lat' dir='ltr'><strong>pudet,</strong></span> <span class='ocrx_word' id='word_1_180' title='bbox 575 2788 633 2851; x_wconf 89' lang='lat' dir='ltr'><strong>sed</strong></span> <span class='ocrx_word' id='word_1_181' title='bbox 647 2808 713 2853; x_wconf 90' lang='lat' dir='ltr'><strong>non</strong></span> <span class='ocrx_word' id='word_1_182' title='bbox 728 2788 867 2853; x_wconf 86' lang='lat' dir='ltr'><strong>incidere</strong></span> <span class='ocrx_word' id='word_1_183' title='bbox 882 2788 1008 2851; x_wconf 91' lang='lat' dir='ltr'><strong>ludum.</strong></span> 
     </span>
    </p>

    <p class='ocr_par' dir='ltr' id='par_1_15' title="bbox 240 2887 1117 2970">
     <span class='ocr_line' id='line_1_27' title="bbox 240 2887 1117 2970; baseline -0.002 -19"><span class='ocrx_word' id='word_1_184' title='bbox 240 2889 313 2951; x_wconf 91' lang='lat' dir='ltr'><strong>Non</strong></span> <span class='ocrx_word' id='word_1_185' title='bbox 328 2888 399 2951; x_wconf 92' lang='lat' dir='ltr'><strong>istic</strong></span> <span class='ocrx_word' id='word_1_186' title='bbox 413 2889 544 2970; x_wconf 90' lang='lat' dir='ltr'><strong>obliquo</strong></span> <span class='ocrx_word' id='word_1_187' title='bbox 558 2888 652 2952; x_wconf 91' lang='lat' dir='ltr'><strong>oculo</strong></span> <span class='ocrx_word' id='word_1_188' title='bbox 667 2909 741 2952; x_wconf 89' lang='lat' dir='ltr'><strong>mea</strong></span> <span class='ocrx_word' id='word_1_189' title='bbox 755 2887 927 2951; x_wconf 87' lang='lat' dir='ltr'><strong>commoda</strong></span> <span class='ocrx_word' id='word_1_190' title='bbox 940 2887 1117 2970; x_wconf 87' lang='lat' dir='ltr'><strong>quisquam</strong></span> 
     </span>
    </p>

    <p class='ocr_par' dir='ltr' id='par_1_16' title="bbox 242 2988 1038 3071">
     <span class='ocr_line' id='line_1_28' title="bbox 242 2988 1038 3071; baseline 0 -22"><span class='ocrx_word' id='word_1_191' title='bbox 242 2988 355 3069; x_wconf 51' lang='lat' dir='ltr'><strong>laimat,</strong></span> <span class='ocrx_word' id='word_1_192' title='bbox 370 3008 437 3051; x_wconf 89' lang='lat' dir='ltr'><strong>non</strong></span> <span class='ocrx_word' id='word_1_193' title='bbox 451 2989 525 3051; x_wconf 92' lang='lat' dir='ltr'><strong>odio</strong></span> <span class='ocrx_word' id='word_1_194' title='bbox 539 2989 675 3052; x_wconf 86' lang='lat' dir='ltr'><strong>obscuro</strong></span> <span class='ocrx_word' id='word_1_195' title='bbox 690 3008 864 3071; x_wconf 88' lang='lat' dir='ltr'><strong>morsuque</strong></span> <span class='ocrx_word' id='word_1_196' title='bbox 879 2997 1038 3069; x_wconf 82' lang='lat' dir='ltr'><strong>venenat3</strong></span> 
     </span>
    </p>

    <p class='ocr_par' dir='ltr' id='par_1_17' title="bbox 242 3087 951 3170">
     <span class='ocr_line' id='line_1_29' title="bbox 242 3087 951 3170; baseline 0.001 -21"><span class='ocrx_word' id='word_1_197' title='bbox 242 3087 359 3150; x_wconf 84' lang='lat' dir='ltr'><strong>Rident</strong></span> <span class='ocrx_word' id='word_1_198' title='bbox 372 3087 471 3150; x_wconf 88' lang='lat' dir='ltr'><strong>vicini</strong></span> <span class='ocrx_word' id='word_1_199' title='bbox 486 3087 597 3170; x_wconf 87' lang='lat' dir='ltr'><strong>glebas</strong></span> <span class='ocrx_word' id='word_1_200' title='bbox 611 3098 644 3150; x_wconf 89' lang='lat' dir='ltr'><strong>ct</strong></span> <span class='ocrx_word' id='word_1_201' title='bbox 658 3109 742 3151; x_wconf 82' lang='lat' dir='ltr'><strong>saxa</strong></span> <span class='ocrx_word' id='word_1_202' title='bbox 755 3098 951 3150; x_wconf 88' lang='lat' dir='ltr'><strong>moventem.</strong></span> 
     </span>
    </p>

    <p class='ocr_par' dir='ltr' id='par_1_18' title="bbox 240 3182 1255 3467">
     <span class='ocr_line' id='line_1_30' title="bbox 240 3182 1255 3267; baseline -0.004 -18"><span class='ocrx_word' id='word_1_203' title='bbox 240 3188 327 3251; x_wconf 85' lang='lat' dir='ltr'><strong>Cum</strong></span> <span class='ocrx_word' id='word_1_204' title='bbox 341 3188 441 3250; x_wconf 87' lang='lat' dir='ltr'><strong>servis</strong></span> <span class='ocrx_word' id='word_1_205' title='bbox 457 3189 582 3251; x_wconf 88' lang='lat' dir='ltr'><strong>urbana</strong></span> <span class='ocrx_word' id='word_1_206' title='bbox 597 3187 699 3251; x_wconf 89' lang='lat' dir='ltr'><strong>diaria</strong></span> <span class='ocrx_word' id='word_1_207' title='bbox 713 3187 822 3251; x_wconf 88' lang='lat' dir='ltr'><strong>rodere</strong></span> <span class='ocrx_word' id='word_1_208' title='bbox 837 3188 961 3267; x_wconf 85' lang='lat' dir='ltr'><strong>mavis;</strong></span> <span class='ocrx_word' id='word_1_209' title='bbox 1215 3182 1255 3246; x_wconf 80' lang='lat' dir='ltr'><strong>tu</strong></span> 
     </span>
     <span class='ocr_line' id='line_1_31' title="bbox 243 3287 1101 3368; baseline -0.003 -19"><span class='ocrx_word' id='word_1_210' title='bbox 243 3287 366 3349; x_wconf 89' lang='lat' dir='ltr'><strong>llorum</strong></span> <span class='ocrx_word' id='word_1_211' title='bbox 380 3296 416 3349; x_wconf 92' lang='lat' dir='ltr'><strong>tu</strong></span> <span class='ocrx_word' id='word_1_212' title='bbox 431 3288 466 3349; x_wconf 91' lang='lat' dir='ltr'><strong>in</strong></span> <span class='ocrx_word' id='word_1_213' title='bbox 480 3306 651 3349; x_wconf 88' lang='lat' dir='ltr'><strong>numerum</strong></span> <span class='ocrx_word' id='word_1_214' title='bbox 666 3298 742 3350; x_wconf 87' lang='lat' dir='ltr'><strong>voto</strong></span> <span class='ocrx_word' id='word_1_215' title='bbox 756 3288 843 3368; x_wconf 89' lang='lat' dir='ltr'><strong>ruis;</strong></span> <span class='ocrx_word' id='word_1_216' title='bbox 865 3287 990 3349; x_wconf 88' lang='lat' dir='ltr'><strong>invidet</strong></span> <span class='ocrx_word' id='word_1_217' title='bbox 1004 3304 1101 3348; x_wconf 89' lang='lat' dir='ltr'><strong>usum</strong></span> 
     </span>
     <span class='ocr_line' id='line_1_32' title="bbox 242 3383 1064 3467; baseline -0.002 -20"><span class='ocrx_word' id='word_1_218' title='bbox 242 3385 418 3467; x_wconf 80' lang='lat' dir='ltr'><strong>Lignorum</strong></span> <span class='ocrx_word' id='word_1_219' title='bbox 431 3395 463 3447; x_wconf 89' lang='lat' dir='ltr'><strong>et</strong></span> <span class='ocrx_word' id='word_1_220' title='bbox 477 3385 598 3467; x_wconf 88' lang='lat' dir='ltr'><strong>pecoris</strong></span> <span class='ocrx_word' id='word_1_221' title='bbox 614 3386 671 3449; x_wconf 94' lang='lat' dir='ltr'><strong>tibi</strong></span> <span class='ocrx_word' id='word_1_222' title='bbox 685 3386 758 3448; x_wconf 87' lang='lat' dir='ltr'><strong>calo</strong></span> <span class='ocrx_word' id='word_1_223' title='bbox 772 3396 908 3467; x_wconf 85' lang='lat' dir='ltr'><strong>argutus</strong></span> <span class='ocrx_word' id='word_1_224' title='bbox 921 3395 954 3447; x_wconf 92' lang='lat' dir='ltr'><strong>et</strong></span> <span class='ocrx_word' id='word_1_225' title='bbox 968 3383 1064 3446; x_wconf 89' lang='lat' dir='ltr'><strong>horti.</strong></span> 
     </span>
    </p>

    <p class='ocr_par' dir='ltr' id='par_1_19' title="bbox 241 3482 1066 3568">
     <span class='ocr_line' id='line_1_33' title="bbox 241 3482 1066 3568; baseline -0.002 -22"><span class='ocrx_word' id='word_1_226' title='bbox 241 3484 340 3566; x_wconf 84' lang='lat' dir='ltr'><strong>Optat</strong></span> <span class='ocrx_word' id='word_1_227' title='bbox 353 3484 505 3567; x_wconf 88' lang='lat' dir='ltr'><strong>ephippia</strong></span> <span class='ocrx_word' id='word_1_228' title='bbox 519 3486 575 3547; x_wconf 90' lang='lat' dir='ltr'><strong>bos</strong></span> <span class='ocrx_word' id='word_1_229' title='bbox 589 3486 686 3568; x_wconf 87' lang='lat' dir='ltr'><strong>piger,</strong></span> <span class='ocrx_word' id='word_1_230' title='bbox 701 3495 792 3568; x_wconf 88' lang='lat' dir='ltr'><strong>optat</strong></span> <span class='ocrx_word' id='word_1_231' title='bbox 806 3506 896 3548; x_wconf 89' lang='lat' dir='ltr'><strong>arare</strong></span> <span class='ocrx_word' id='word_1_232' title='bbox 910 3482 1066 3547; x_wconf 88' lang='lat' dir='ltr'><strong>caballus.</strong></span> 
     </span>
    </p>

    <p class='ocr_par' dir='ltr' id='par_1_20' title="bbox 241 3585 1166 3668">
     <span class='ocr_line' id='line_1_34' title="bbox 241 3585 1166 3668; baseline -0.002 -23"><span class='ocrx_word' id='word_1_233' title='bbox 241 3586 354 3655; x_wconf 75' lang='lat' dir='ltr'><strong>eram</strong></span> <span class='ocrx_word' id='word_1_234' title='bbox 369 3585 428 3648; x_wconf 91' lang='lat' dir='ltr'><strong>scit</strong></span> <span class='ocrx_word' id='word_1_235' title='bbox 444 3597 585 3668; x_wconf 84' lang='lat' dir='ltr'><strong>uterque,</strong></span> <span class='ocrx_word' id='word_1_236' title='bbox 602 3586 715 3666; x_wconf 88' lang='lat' dir='ltr'><strong>libens,</strong></span> <span class='ocrx_word' id='word_1_237' title='bbox 731 3585 877 3666; x_wconf 89' lang='lat' dir='ltr'><strong>censebo,</strong></span> <span class='ocrx_word' id='word_1_238' title='bbox 892 3592 1041 3647; x_wconf 83' lang='lat' dir='ltr'><strong>exerceat</strong></span> <span class='ocrx_word' id='word_1_239' title='bbox 1055 3591 1166 3644; x_wconf 86' lang='lat' dir='ltr'><strong>artem.</strong></span> 
     </span>
    </p>
   </div>
   <div class='ocr_carea' id='block_1_5' title="bbox 0 0 1376 4250">
    <p class='ocr_par' dir='ltr' id='par_1_21' title="bbox 0 0 1376 4250">
     <span class='ocr_line' id='line_1_35' title="bbox 0 0 1376 4250; baseline 0 0"><span class='ocrx_word' id='word_1_240' title='bbox 0 0 1376 4250; x_wconf 95' lang='lat' dir='ltr'><strong> </strong></span> 
     </span>
    </p>
   </div>
  </div>
 </body>
</html>
