2742 4250
410 292 521 342 rueme
545 290 600 341 111.
650 292 680 340 c.
706 292 814 341 xvrm
1063 268 1110 337 at

264 452 399 517 Anncsa
413 447 535 513 cornix.
579 447 669 510 Dum
683 457 782 531 potes,
798 448 924 512 aridum

264 551 430 633 Gompcne
444 548 589 631 lignum:
611 566 682 610 cras
697 547 840 611 Genium
854 567 941 611 merc

307 647 447 711 Ourabis
461 656 493 709 et
507 664 602 729 porco
616 646 767 725 bimestri,
1078 648 1115 709 15

352 748 440 810 Cum
454 744 587 810 famulis
601 764 735 828 operum
750 744 874 808 solutis.

445 1274 625 1336 oARMuN
653 1273 779 1334 XVIII.

476 1458 529 1501 An
563 1456 753 1500 FAUNUM.

262 1621 386 1702 Fauna,
402 1618 632 1702 Nympharum
646 1614 826 1701 fugientum
841 1629 973 1701 amator,

262 1720 324 1783 Per
337 1738 427 1782 meos
443 1718 525 1782 fines
540 1728 572 1781 et
586 1717 696 1800 aprica
709 1737 784 1780 mra

263 1817 362 1882 Lenis
376 1816 517 1898 incedas,
532 1817 695 1899 abeasque
709 1816 817 1899 parvis

348 1916 483 1997 Aequus
497 1914 648 1997 alumnis,

262 2113 298 2178 Si
313 2125 401 2176 tener
415 2112 510 2196 pleno
524 2110 612 2177 cadit
625 2111 752 2176 haedus
766 2133 861 2194 anno,

264 2213 373 2295 Larga
386 2231 447 2276 nec
461 2211 580 2276 desunt
594 2211 727 2276 Veneris
741 2211 844 2275 sodali

137 2333 139 2338 ·
265 2310 349 2375 Vina
363 2320 513 2392 craterae,
528 2319 623 2374 vetus
638 2331 695 2374 ara
709 2310 813 2374 multo

348 2411 471 2475 Fumat
485 2409 589 2472 cdcre.

266 2606 368 2672 Ludit
381 2608 517 2672 herboso
531 2627 631 2690 pecus
646 2627 742 2671 omne
760 2627 875 2691 campo

265 2707 352 2769 Cum
368 2706 426 2771 tibi
439 2706 553 2772 Nonae
567 2705 703 2770 redeunt
718 2706 932 2772 Decembres:

266 2805 385 2869 Festus
400 2803 436 2868 in
451 2805 549 2888 pratis
563 2815 660 2868 vacat
674 2805 775 2868 otioso

350 2905 437 2968 Cum
452 2904 533 2968 bove
547 2923 671 2987 pagus:

267 3103 356 3167 Inter
369 3098 510 3164 audaces
525 3101 623 3184 lupus
639 3110 722 3164 errat
736 3119 857 3184 agnos:

265 3193 396 3282 Sp‘argit
409 3209 550 3282 agrestes
565 3199 622 3264 tibi
636 3200 720 3264 silva
734 3197 885 3265 frondes:

268 3297 398 3362 Gaudet
411 3299 552 3362 invisam
566 3299 729 3383 pepulisse
744 3298 846 3362 fossor

352 3397 421 3461 'I'er
433 3397 514 3483 pede
529 3409 653 3462 terram.

394 3596 423 3646 G.
435 3599 493 3647 xvii.
507 3599 546 3649 13.
564 3599 627 3649 Dum
640 3599 704 3649 cotis
724 3598 841 3649 Orellin

306 3675 336 3726 C.
346 3678 416 3726 xviii.
429 3678 452 3728 5.
470 3677 549 3728 cadet.
780 3678 818 3728 12.
836 3676 931 3741 percu
