2742 4250
478 285 588 336 umuli
613 284 667 337 111.
718 285 747 337 0.
774 286 809 337 V.

520 584 701 647 GARMEN
731 586 768 645 V.

276 786 322 832 IN
354 786 529 831 LAUDEM
561 784 776 828 CAESARIS
810 784 1012 828 AUGUSTI.

324 964 421 1029 Ooelo
438 973 603 1027 tonantem
618 963 813 1026 credidimus
827 964 943 1027 Jovem

323 1065 489 1147 Regnare:
509 1082 663 1149 praesens
677 1061 774 1125 divus
788 1062 958 1126 habebitur

366 1164 546 1247 Augustus,
561 1162 694 1246 adjectis
709 1163 873 1225 Britannis

408 1260 545 1345 liuperio
560 1262 777 1345 gravibusque
792 1262 906 1325 Persis
963 1343 965 1349 ,

327 1462 463 1525 Milesue
479 1461 588 1524 Crassi
603 1462 740 1544 conjuge
757 1461 891 1525 barbara
907 1466 910 1470 ’

326 1560 448 1643 Turpis
463 1560 598 1623 maritus
612 1561 722 1624 vixit?
742 1570 776 1624 et
788 1560 939 1641 hostium,

368 1660 429 1723 Pro
445 1659 544 1723 Curia
559 1660 742 1742 inversique
756 1661 878 1725 mores!

413 1758 592 1822 Consenuit
607 1776 788 1823 socerorum
803 1760 836 1823 iu
852 1760 949 1824 armis

328 1960 399 2023 Sub
413 1978 486 2041 rege
502 1958 599 2022 Medo
614 1959 745 2022 Marsus
758 1968 794 2021 et
805 1957 941 2040 Apulus,

253 2108 259 2117 .
333 2054 531 2121 Auciliorum
545 2068 577 2122 et
592 2058 732 2121 nominis
747 2068 778 2121 ct
792 2068 886 2142 togae
1009 2064 1014 2071 '

371 2158 501 2223 Oblitus
516 2168 729 2241 aeternaeque
745 2160 868 2238 Vestae,

412 2258 572 2322 Incolumi
587 2259 667 2322 Jove
682 2269 714 2322 et
729 2260 807 2322 urbe
823 2257 953 2322 Romal

330 2473 402 2538 Hoc
415 2485 546 2537 caverat
560 2495 652 2538 mons
667 2477 801 2558 provida
816 2477 943 2559 Reguli,

332 2574 559 2643 Dissentientis
575 2574 811 2640 conditionibus

372 2673 499 2754 Foedis,
515 2685 547 2736 et
561 2676 711 2759 exemplo
726 2676 881 2740 trahentis

415 2773 593 2837 Pemiciem
608 2775 742 2838 veniens
757 2776 790 2838 in
806 2795 934 2855 aevum,

331 2957 368 3020 si
383 2976 447 3020 non
462 2958 575 3040 periret
589 2959 824 3023 immiserabilis

332 3056 470 3138 Captiva
485 3057 596 3140 pubes.
639 3059 742 3141 Signa
756 3079 816 3142 ego
831 3059 963 3122 Punicis

374 3155 486 3219 Affixa
500 3156 650 3239 delubria,
666 3169 699 3222 et
713 3180 804 3222 arma

415 3255 574 3320 Militibus
589 3258 658 3321 sine
673 3257 781 3337 caede,
796 3259 888 3338 dixit,

334 3452 474 3536 Derepta
490 3455 566 3536 vidi,
583 3456 649 3519 vidi
664 3476 725 3539 ego
737 3456 861 3520 civium

332 3553 463 3618 Retorta
478 3564 564 3638 tergo
578 3557 711 3619 brachia
727 3557 824 3620 libero

355 3749 383 3801 C.
395 3769 416 3803 v.
429 3751 454 3802 Β.
473 3757 542 3804 arvis
658 3758 696 3805 15.
714 3755 827 3814 trahenti,
839 3755 869 3806 de
880 3761 944 3823 conj.
