2742 4250
450 290 502 343 nn
525 291 624 342 nere
649 287 813 343 sunnon
1062 279 1135 346 ‘301

162 453 271 519 latior
284 451 436 534 amplecti
452 469 574 530 murus,
592 451 733 532 vinoque
748 448 864 513 dirimo

161 554 286 618 Placari
301 552 426 616 Genius
441 550 531 613 festis
547 552 679 632 impune
695 549 828 631 diebus;
1073 551 1138 615 210

159 653 304 718 Accessit
318 651 528 732 numerisque
543 650 714 731 modisque
729 650 860 712 licentia
876 651 982 733 major.

159 753 314 816 Indoctus
328 751 409 834 quid
424 751 512 813 enim
527 760 652 833 saperet
668 750 812 831 liberque
827 750 974 812 laborum

158 854 314 918 Rusticus
330 853 454 915 urbano
468 849 634 929 confusus
651 850 753 932 turpis
768 849 926 912 honestol

158 955 212 1019 Sic
228 954 351 1037 priscae
367 961 557 1032 motumque
573 960 605 1012 et
620 950 784 1012 luxuriem
799 948 924 1010 addidit
938 949 998 1010 arti

158 1054 306 1132 Tibicen,
323 1051 485 1132 traxitque
499 1069 606 1132 vagus
622 1069 677 1132 per
692 1048 818 1131 pulpita
832 1059 965 1110 vestem
1075 1051 1138 1113 215

157 1154 209 1217 Sic
226 1153 327 1216 etiarn
343 1150 463 1214 fidibus
479 1169 574 1212 voces
589 1167 716 1211 crevere
731 1149 859 1226 severis,

158 1251 202 1317 Et
217 1253 291 1315 tulit
305 1250 471 1332 eloquium
487 1249 653 1312 insolitum
668 1246 824 1310 facundia
838 1266 997 1330 praeceps,

157 1353 362 1433 Utiliumque
377 1369 480 1432 sagax
495 1365 603 1411 rerum
617 1359 649 1410 et
663 1347 776 1410 divina
790 1346 891 1411 futuri

156 1451 321 1534 Sortilegis
336 1470 401 1513 non
416 1448 591 1531 discrepuit
605 1449 764 1512 sententia
779 1449 926 1530 Delphis.

157 1551 308 1616 Carmine
324 1551 380 1631 qui
396 1549 518 1631 tragico
533 1548 631 1610 vilem
647 1549 782 1610 certavit
796 1548 838 1610 ob
852 1549 988 1628 hircum,
1073 1548 1136 1614 220

156 1652 236 1715 Mox
250 1652 350 1713 etiam
365 1661 506 1731 agrestes
521 1647 655 1731 Satyros
670 1647 817 1723 nudavit,
833 1659 866 1710 et
880 1669 974 1730 asper

155 1750 316 1815 Incolumi
330 1750 486 1832 gravitate
498 1751 609 1833 jocum
624 1747 762 1810 tentavit
775 1767 822 1828 eo,
838 1748 926 1828 quod

154 1849 316 1914 lllecebris
331 1858 399 1911 erat
413 1858 446 1910 et
461 1859 552 1931 grata
567 1847 710 1910 novitate
725 1846 903 1908 morandus

154 1951 328 2032 Spectator,
344 1946 542 2030 functusque
558 1947 657 2010 sacris
673 1957 814 2028 etpotus
829 1956 860 2008 et
875 1945 983 2007 exlex.

154 2049 275 2112 Verum
290 2049 335 2112 ita
350 2049 472 2129 risoreS,
488 2048 533 2110 ita
547 2046 776 2109 commendare
790 2045 917 2108 dicaces
1071 2045 1134 2108 225

154 2150 334 2213 Conveniet
348 2150 490 2231 Satyros,
507 2146 553 2211 ita
566 2158 688 2210 vertere
702 2147 785 2209 seria
800 2146 886 2225 ludo,

154 2250 212 2330 Ne,
228 2250 416 2331 quicunque
431 2248 521 2328 dens,
537 2248 726 2329 quicunque
740 2248 946 2310 adhibebitur
960 2248 1061 2317 heros,

154 2349 269 2431 Regali
284 2359 475 2430 conspectus
490 2348 618 2411 inaure
633 2366 736 2429 nuper
749 2357 783 2409 et
796 2357 888 2426 ostro,

154 2450 271 2531 Migrct
285 2448 318 2510 in
334 2448 487 2510 obscuras
503 2445 619 2508 humili
635 2467 782 2509 sermone
796 2448 954 2524 tabernas,

155 2551 231 2628 Aut,
247 2548 328 2609 dum
343 2548 423 2609 vitat
439 2548 587 2625 humum,
604 2546 708 2608 nubes
722 2557 754 2608 et
770 2547 880 2608 inania
895 2556 1010 2627 captet.
1070 2544 1135 2607 230

155 2648 292 2711 Effutire
307 2647 394 2709 leves
409 2646 544 2728 indigna
560 2646 725 2727 tragoedia
739 2666 861 2725 verene,

154 2748 198 2812 Ut
213 2747 303 2811 festis
318 2757 464 2809 matrona
480 2746 601 2808 moveri
612 2746 706 2829 jussa
720 2746 844 2823 diebus,

154 2848 300 2911 Intererit
315 2846 440 2929 Satyris
456 2846 604 2928 paullum
620 2844 813 2928 pudibunda
828 2843 991 2926 protervis.

154 2950 228 3013 Non
243 2967 303 3031 ego
318 2949 465 3011 inornata
480 2957 512 3009 et
527 2946 728 3009 dominantia
743 2945 875 3007 nomina
890 2943 996 3007 solum

155 3050 331 3131 Verbaque,
347 3049 490 3128 Pisones,
507 3049 699 3129 Satyrorum
714 3047 846 3127 scriptor
860 3046 995 3125 amab03
1069 3042 1131 3106 235

155 3151 223 3215 Nec
238 3152 284 3212 sic
299 3150 402 3213 enitar
416 3150 537 3231 tragico
551 3147 676 3210 differre
692 3146 796 3226 colori,

155 3252 199 3316 Ut
212 3251 296 3314 nihil
311 3251 442 3330 intersit,
459 3250 617 3313 Davusne
632 3249 784 3329 loquatur
797 3258 829 3310 et
844 3247 953 3310 audax

156 3352 300 3435 Pythiae,
316 3362 468 3414 emuncto
483 3351 608 3413 lucrata
623 3350 754 3413 Simone
770 3349 937 3426 talentum,

157 3454 209 3518 An
224 3462 333 3515 custos
348 3450 557 3532 famulusque
573 3449 624 3539 dei
640 3450 772 3513 Silenus
787 3448 921 3511 alumni.

157 3552 209 3615 Ex
224 3562 300 3615 noto
315 3550 429 3614 fictum
444 3570 574 3613 carmen
591 3570 716 3631 sequar,
733 3558 770 3611 nt
785 3549 844 3611 sibi
860 3548 969 3629 quivis
1065 3543 1130 3607 240

517 3781 574 3830 2³7.
593 3796 624 3828 an
637 3779 724 3828 audax.
