2742 4250
236 234 304 308 174
633 253 848 305 samareon

231 411 330 474 Dives
345 411 438 494 agriS,
453 411 545 474 dives
559 412 669 494 positis
684 413 718 475 in
734 412 859 476 foenore
875 413 1036 476 nummis:

228 510 359 580 Quinas
374 511 427 573 liic
441 512 538 593 capiti
554 512 716 574 mercedes
731 522 871 592 exsecat,
887 522 985 594 atque

228 611 364 680 Quanto
378 610 531 693 perditior
544 612 683 692 quisque
696 622 754 690 est,
771 621 860 674 tanto
875 612 982 674 acrius
996 621 1106 693 urget3
1210 612 1251 674 15

230 711 371 774 Nomina
386 722 533 790 sectatur,
550 712 645 773 modo
660 723 792 794 sumpta
807 724 896 775 veste
911 714 1003 792 virili,

228 811 298 873 Sub
311 812 456 892 patribus
471 810 568 890 duris,
586 813 735 874 tironum.
780 813 934 892 Maxime,
950 814 1023 894 quis
1039 831 1112 892 non,

227 911 358 993 Jupiter,
374 911 545 989 exclamat,
561 911 771 992 simulatque
787 912 911 975 audivit
920 912 1021 975 t-At
1036 913 1069 975 in
1083 933 1117 974 se

230 1011 289 1072 Pro
303 1022 442 1092 quaestu
458 1022 626 1093 sumptum
641 1009 719 1074 facit
731 1011 903 1074 hic-Vix
918 1011 1044 1074 eredere
1059 1013 1169 1099 possis,

228 1112 342 1179 Quam
356 1112 417 1173 sibi
432 1131 496 1173 non
510 1112 549 1173 sit
564 1112 699 1191 amieuS,
712 1111 765 1191 ita,
778 1121 815 1174 ut
829 1121 918 1194 pater
930 1112 992 1192 ille,
1006 1112 1140 1175 'l'erentl
1204 1113 1249 1176 20

230 1210 355 1273 Fabula
370 1230 468 1291 quem
484 1211 638 1273 miserum
653 1221 751 1292 gnato
766 1211 887 1273 vixisse
902 1210 1014 1293 fugato

229 1310 365 1390 lnducit,
381 1331 445 1372 non
462 1331 496 1372 se
512 1312 601 1394 pejus
615 1311 807 1373 cruciaverit
821 1321 918 1392 atque
933 1312 996 1373 nic.

227 1411 263 1474 Si
278 1411 351 1492 quis
365 1430 454 1472 nunc
469 1421 611 1492 quaerat,
626 1412 706 1480 Quo
720 1431 770 1472 res
786 1411 867 1474 haec
882 1411 1039 1493 pertinet?
1078 1412 1178 1475 Illuc:

228 1511 317 1573 Dum
332 1512 437 1573 vitant
452 1511 542 1572 stulti
557 1511 644 1589 vitia,
660 1510 695 1572 in
710 1510 868 1572 contraria
883 1521 1023 1572 currunt.

228 1610 410 1672 Maltlrinus
426 1610 546 1671 tunicis
560 1609 709 1672 demissis
724 1609 890 1672 ambulat:
913 1620 962 1672 est
977 1611 1033 1691 qni
1203 1610 1247 1673 25

230 1712 353 1792 luguen
368 1709 410 1772 ad
425 1711 621 1773 obscoenum
636 1709 805 1772 subductis
820 1728 925 1791 usque
940 1709 1083 1772 facetus:

228 1811 376 1874 Pastillos
391 1811 533 1875 Rufillus
548 1810 620 1889 olet,
636 1810 819 1891 Gargonius
834 1810 970 1871 hircum.

227 1911 282 1976 Nil
295 1911 442 1974 medium
457 1922 512 1972 est.
557 1911 642 1974 Sunt
657 1910 714 1990 qui
730 1909 833 1971 nolint
848 1910 990 1991 tetigisse
1006 1908 1066 1971 nisi
1083 1909 1165 1989 illae,

227 2013 379 2080 Quarum
395 2010 530 2072 subsuta
546 2009 628 2070 talos
644 2019 730 2089 tegat
747 2009 856 2070 instita
871 2020 977 2071 veste:

228 2111 348 2173 Contra
362 2110 447 2173 alius
462 2110 588 2172 nullam
603 2109 666 2172 nisi
681 2109 779 2171 olenti
796 2109 827 2171 in
841 2106 959 2171 fornice
975 2119 1121 2171 stantem.
1203 2109 1246 2173 30

227 2209 375 2280 Quidam
390 2221 485 2273 notus
500 2212 597 2273 homo
611 2230 688 2273 eum
702 2209 803 2272 exiret
818 2209 945 2288 fornice,
963 2209 1069 2273 Macte

227 2310 350 2372 Virtute
365 2321 441 2389 esto,
457 2310 561 2391 inquit
576 2310 735 2372 sententia
750 2308 804 2371 dia
819 2308 970 2371 Catonis:

227 2409 312 2472 Nam
329 2410 425 2472 simul
441 2430 480 2472 ac
495 2430 597 2472 venas
611 2408 738 2472 inflavit
753 2419 833 2471 tetra
849 2403 955 2488 libide,

227 2510 301 2571 Huc
312 2511 448 2592 juvenes
463 2530 606 2591 aequum
620 2520 670 2571 est
684 2508 885 2587 descendere,
901 2528 966 2571 non
982 2507 1106 2570 alienas

228 2610 404 2673 Permolere
421 2610 700 2673 uxores-Nolim
716 2609 885 2688 laudarier,
901 2608 1014 2690 inquit,
1204 2610 1246 2672 35

228 2712 282 2775 Sic
297 2733 357 2790 me,
373 2712 504 2773 mirator
518 2710 618 2771 cunni
634 2709 838 2791 Cupiennius
854 2708 928 2770 albi.

228 2811 349 2877 Audire
364 2821 412 2873 est
426 2830 539 2892 operae
556 2809 701 2891 pretium,
718 2808 885 2891 procedere
901 2818 984 2870 recte

228 2913 298 2984 uui
312 2911 455 2974 moechis
470 2930 535 2973 non
551 2910 658 2988 vultiS,
675 2919 711 2971 ut
727 2909 815 2971 omni
831 2919 919 2990 parte
935 2908 1096 2992 laborent,

228 3014 336 3093 thue
351 3010 414 3073 illis
429 3009 531 3071 multo
546 3019 694 3089 corrupta
709 3007 816 3070 dolore
832 3007 991 3090 voluptas

230 3113 336 3192 Atque
351 3111 432 3172 haec
448 3130 526 3186 rara,
542 3106 638 3171 cadat
653 3107 735 3169 dura
751 3108 832 3170 inter
846 3127 941 3190 saepe
956 3108 1082 3189 pericla.
1205 3111 1247 3175 10

231 3212 293 3275 Η10
308 3229 342 3271 se
358 3208 563 3290 praecipitem
579 3217 661 3269 tecto
676 3206 785 3270 dedit:
808 3206 861 3269 ille
877 3206 1014 3288 flagellis

233 3310 281 3374 Ad
297 3320 433 3372 mortem
447 3327 581 3370 caesus:
604 3305 732 3389 fugiens
747 3306 801 3368 hic
816 3306 935 3368 decidit
950 3326 1057 3368 acrem

234 3409 435 3475 l'raedonum
450 3408 484 3469 in
499 3407 645 3469 turbam:
667 3406 756 3469 dedit
771 3406 824 3468 hic
839 3426 895 3489 pro
909 3426 1038 3489 corpore
1052 3426 1222 3471 nummos,

235 3513 330 3573 1111111
345 3508 588 3591 perminxerunt
602 3505 751 3587 calones;
775 3506 855 3587 quin
871 3505 969 3567 etiarn
985 3504 1066 3567 illud

331 3738 508 3790 1111111111.
575 3737 607 3786 25
635 3734 780 3786 illalchims.
841 3736 887 3784 38.
907 3734 1034 3793 Moechus,
1047 3733 1162 3785 Orellitu.
