2742 4250
225 274 294 345 ³06
551 289 603 339 ns
627 289 725 340 sem
749 283 913 340 romei}

224 447 369 531 Fingeris
384 447 427 510 ad
441 450 574 524 rectum,
588 458 621 512 et
635 467 692 530 per
705 458 736 510 te
751 448 846 530 sapis,
862 450 924 511 hoc
941 439 999 512 tibiv
1010 448 1134 511 dictum
1147 435 1159 510 s
1182 456 1184 460 ’
1244 437 1251 493 ἶ

222 547 317 612 Tolle
332 566 474 611 memor:
496 546 590 610 certis
605 546 751 610 medium
765 558 797 610 et
811 547 974 610 tolerabile
989 549 1085 611 rebus

222 649 320 712 Recte
335 647 683 710 concedi-consultus
694 647 776 732 juris
790 659 822 709 ct
835 659 925 710 actor

223 750 406 812 Causarum
421 745 598 826 mediocris,
614 747 704 810 abest
720 746 838 809 virtute
852 746 960 810 diserti
1181 748 1250 812 370

222 847 392 926 Messalae,
408 865 468 910 nec
483 846 552 926 scit,
567 855 731 928 quantum
746 846 926 909 Cascellius
941 846 1065 910 Aulus:

222 946 286 1012 Sed
302 957 411 1010 tamen
426 946 460 1010 in
474 946 575 1030 pretio
589 955 638 1008 est
650 945 917 1028 ;-mediocribus
931 967 1002 1009 esse
1017 948 1127 1030 poetis,

222 1048 296 1112 Non
311 1049 469 1128 homines,
485 1067 550 1111 non
565 1046 607 1127 dl,
624 1066 690 1110 non
704 1065 889 1110 concessere
903 1047 1084 1110 columnae.

223 1147 267 1210 Ut
281 1157 390 1230 gratas
405 1146 487 1210 inter
500 1165 630 1210 mensas
646 1146 844 1229 symphonia
858 1145 979 1208 discors

224 1244 268 1310 Et
282 1266 430 1309 crassum
444 1256 651 1329 unguentum
664 1256 698 1307 et
711 1245 815 1310 Sardo
825 1264 901 1309 cum
917 1246 1014 1308 melle
1028 1265 1171 1328 papaver
1184 1247 1244 1309 375

223 1344 411 1426 Offendunt,
427 1357 549 1428 poterat
562 1344 638 1409 duci
653 1345 732 1427 quia
745 1365 848 1408 coena
862 1346 932 1408 sine
946 1346 1035 1408 istis:

222 1445 277 1508 Sic
292 1445 410 1507 animis
426 1455 541 1507 natum
556 1444 791 1528 inventumque
806 1464 922 1528 poema
931 1444 1095 1529 juvandis,
1210 1451 1213 1455 '

224 1543 259 1607 si
275 1543 424 1625 paullum
439 1547 569 1606 sunimo
583 1543 729 1624 decessit,
744 1544 847 1628 vergit
862 1545 905 1616 ad
919 1544 1033 1607 imum.

225 1641 351 1709 Ludere
365 1643 422 1724 qui
437 1643 547 1722 nescit,
562 1645 800 1726 campestribus
813 1645 954 1708 abstinet
968 1645 1076 1723 armis,
1117 1672 1119 1675 ·
1140 1655 1143 1660 '
1235 1644 1239 1650 ’

225 1743 443 1826 Indoctusque
458 1743 542 1827 pilae
557 1743 679 1806 discive
695 1745 838 1808 trochive
853 1745 998 1828 quiescit,
1115 1753 1119 1758 '
1185 1745 1249 1809 380

225 1843 275 1907 Ne
290 1844 413 1926 spissae
427 1845 528 1908 risum
544 1842 658 1907 tollant
673 1845 976 1927 impunecoronae3
1195 1861 1199 1867 ’

226 1943 296 2013 uui
311 1945 421 2025 nescit,
437 1963 550 2007 versus
565 1953 675 2007 tamen
690 1944 791 2008 sudet
804 1944 925 2028 tingere
934 1943 1148 2014 l-Quidnil

225 2043 322 2107 Liber
335 2055 368 2108 et
381 2045 553 2129 ingenuus,
568 2044 755 2127 praesertim
769 2064 888 2108 census
902 2053 1084 2128 equestrem

226 2144 399 2208 Summam
413 2162 630 2225 nummorum,
646 2144 789 2227 vitioque
803 2156 944 2207 remotus
959 2146 1002 2207 ab
1015 2143 1102 2206 omni
1113 2144 1173 2206 l·—

226 2246 283 2308 ‘ru
299 2244 380 2307 nihil
395 2244 498 2307 invita
512 2244 599 2308 dices
614 2243 755 2307 faciesve
770 2245 927 2324 Minerva,
1184 2244 1250 2308 385

227 2344 265 2407 ld
280 2343 337 2406 tibi
346 2342 506 2427 judicium
521 2354 579 2424 est,
594 2364 634 2407 ea
648 2364 761 2408 mens:
783 2344 904 2426 siquid
919 2356 1027 2408 tamen
1042 2346 1118 2407 olim

227 2441 405 2525 scripseris,
422 2442 455 2504 in
471 2442 551 2505 Mett
565 2443 742 2507 descendat
751 2443 872 2528 judicis
886 2465 990 2525 aures,

227 2541 272 2605 Et
286 2540 392 2625 patris,
409 2552 440 2603 et
454 2552 588 2623 nostras,
604 2543 794 2624 nonumque
808 2540 972 2626 prematur
987 2546 1019 2607 in
1035 2562 1169 2620 annum,

228 2640 425 2704 Membranis
441 2640 529 2704 intus
543 2642 662 2725 positis.
707 2641 822 2705 Delere
836 2642 951 2722 licebit,

227 2738 326 2811 Quod
342 2759 408 2803 non
422 2740 578 2824 edideris;
601 2741 705 2805 nescit
718 2760 785 2805 vox
800 2742 901 2805 missa
914 2736 1039 2805 reverti.
1182 2742 1249 2805 390

157 2922 159 2926 Ι
227 2840 396 2904 Silvestres
411 2838 559 2903 homines
572 2857 665 2903 sacer
679 2841 899 2924 interpresque
912 2840 1047 2905 deornm

228 2938 392 3009 Caedibus
407 2948 439 3001 et
454 2938 542 3003 victu
558 2938 651 3003 foedo
665 2939 819 3003 deterruit
833 2939 993 3023 Orpheus,

229 3038 345 3102 Dictus
360 3039 401 3101 ob
416 3039 478 3103 hoe
493 3038 592 3102 lenire
607 3038 703 3121 tigres
718 3038 912 3121 rabidosque
926 3039 1044 3103 leones.
1078 3073 1080 3078 ·

230 3138 345 3202 Dictus
360 3148 392 3200 et
405 3138 579 3221 Amphion,
595 3138 777 3203 Thebanae
790 3139 937 3201 conditor
948 3136 1032 3202 arcis
1120 3131 1133 3182 ’-

229 3238 319 3302 Saxa
333 3256 461 3301 movere
475 3246 555 3300 sono
568 3237 748 3319 testudinis,
763 3248 796 3300 et
809 3258 902 3321 prece
916 3239 1037 3302 blanda
1188 3242 1251 3304 395

230 3338 364 3417 Ducere,
379 3336 563 3419 quovellet.
608 3338 686 3401 Fuit
701 3339 782 3401 haee
797 3338 955 3421 sapientia
969 3329 1156 3420 quondam,¹
1245 3328 1252 3339 ⁴

232 3436 365 3501 Publica
379 3436 511 3520 privatis
526 3456 698 3518 secernere,
714 3457 807 3500 sacra
820 3436 971 3521 profanis,

231 3536 411 3601 eoncrrhitu
426 3536 591 3621 prohibere
602 3556 699 3619 vago,
716 3536 792 3600 dare
802 3538 877 3621 jura
891 3538 1025 3619 maritis,

661 3767 719 3819 394.
736 3768 809 3825 ub'm
