2742 4250
501 835 750 1002 urrunnu
784 836 935 948 rimu
1067 801 1069 804 ’

248 1094 1089 1196 EPISTOLARUM

543 1379 681 1443 IIBER
713 1379 889 1497 PRIMUS.

584 1779 799 1851 EPISTOLA
828 1789 853 1850 Ι

503 1989 560 2031 ΔΒ
576 1945 935 2032 ΜΔΕΟΕΝΑΤΕΜ.

252 2169 374 2231 l’nrun
388 2166 473 2230 dicte
488 2166 578 2248 mihi,
594 2144 725 2230 summa
740 2167 875 2231 dicende
891 2168 1066 2281 camoena,

210 2267 398 2348 Spectatum
413 2266 491 2329 satis
505 2276 537 2329 et
551 2266 732 2330 donatum'
718 2288 788 2350 Jarn
803 2267 882 2331 rude
897 2267 1033 2350 quaeris,

210 2366 393 2445 Maecenas,
409 2375 525 2428 iterum
540 2366 674 2449 antiquo
688 2386 740 2429 me
756 2364 920 2433 includere
935 2364 1024 2430 ludo

210 2464 284 2528 Non
298 2464 413 2527 eadem
426 2475 476 2528 est
490 2477 587 2547 aetas,
602 2485 669 2531 non
683 2484 785 2529 mens.
829 2466 993 2547 Veianius,
1009 2466 1109 2529 armis

210 2564 360 2628 Herculis
374 2563 417 2627 ad
432 2576 555 2647 postem
570 2565 656 2645 fixis
672 2565 751 2628 latet
766 2564 896 2628 abditus
911 2586 996 2647 agro,

210 2663 260 2727 Ne
275 2663 432 2746 populum
446 2675 591 2750 extrema
605 2666 697 2727 toties
713 2674 822 2727 exoret
838 2684 945 2727 arena.

211 2762 273 2826 Est
286 2763 391 2827 mihi
382 2782 553 2847 purgatam
554 2765 676 2827 crebro
691 2754 747 2846 qui
762 2775 910 2846 personet
924 2772 1055 2827 aurem:

211 2863 308 2928 Solve
323 2875 543 2927 senescentem
557 2875 683 2926 mature
699 2883 800 2926 sanus
814 2883 945 2945 equum,
960 2884 1002 2926 ne

214 2964 326 3026 Peccet
340 2962 384 3025 ad
397 2974 578 3026 extremum
593 2962 756 3042 ridendus,
772 2975 804 3025 et
818 2962 873 3025 ilia
887 2963 995 3027 ducat.

215 3063 333 3127 Nunc
324 3073 435 3143 itaque
449 3072 481 3125 et
496 3082 608 3125 versus
636 3073 668 3126 ct
690 3073 795 3125 cetera
810 3062 934 3127 ludicra
949 3082 1052 3153 p0n03
1191 3068 1228 3130 10

214 3162 304 3233 Quid
319 3182 433 3225 verum
448 3171 546 3242 atque
561 3161 686 3241 decens,
702 3182 779 3224 curo
795 3173 826 3225 et
840 3182 924 3245 rog0‚
939 3158 971 3225 et
985 3165 1090 3227 omnis
1113 3163 1148 3229 in
1171 3166 1228 3229 hoc

339 3281 432 3324 sum:

215 3363 240 3424 C·
242 3361 327 3423 oudo
342 3370 373 3423 et
387 3379 553 3442 compono,
569 3380 653 3442 quae
668 3380 745 3423 mox
760 3360 943 3444 depromere
958 3363 1088 3444 possim.

219 3463 271 3540 lc,
287 3480 328 3523 ne
344 3460 422 3523 forte
437 3480 537 3543 roges
552 3480 618 3542 quc
632 3480 685 3525 me
700 3459 791 3541 duce,
807 3482 873 3543 quo
887 3460 953 3527 lare
969 3474 1070 3527 tuter:

218 3562 347 3626 Nullius
361 3560 535 3625 addictus
522 3582 629 3646 jurare
645 3562 679 3625 in
695 3563 793 3625 verba
807 3562 960 3645 magistri,

216 3662 291 3729 Qut
308 3681 359 3724 me
374 3682 504 3744 cunque
519 3662 602 3743 rapit
616 3671 798 3744 tempestas,
814 3660 937 3724 deieror
952 3662 1077 3744 hospes».
1197 3664 1230 3723 15

1275 3593 1351 4205 ι
