2742 4250
285 264 355 332 254
665 279 917 330 renitimur(

635 582 849 645 EPISTOLA
878 582 956 643 vlL

593 799 645 839 At)
675 797 990 840 MAECENATEM.

327 993 484 1073 Quinque
499 990 569 1052 dies
582 973 639 1052 tibi
656 989 816 1072 pollicitus
830 1009 883 1052 me
898 1009 969 1052 rure
984 988 1141 1070 futurum,

285 1091 443 1158 Sextilem
458 1100 561 1152 totum
576 1088 720 1151 mendax
735 1088 904 1151 desideret.
949 1089 1050 1170 Atqui

286 1191 322 1254 Si
336 1209 388 1252 me
404 1190 511 1252 vivere
527 1187 576 1250 vis
592 1206 711 1250 sanum
725 1198 874 1269 recteque
889 1185 1052 1250 valentem

285 1291 399 1359 Quam
414 1287 494 1350 milri
510 1286 569 1349 das
584 1306 689 1368 aegro,
704 1285 798 1349 dabis
813 1297 976 1369 aegrotare
991 1287 1126 1364 timenti,

287 1389 468 1462 Maecenas
484 1386 622 1467 veniam,
638 1384 720 1449 dum
735 1384 818 1448 ficus
832 1387 935 1468 prima
949 1386 1102 1467 calorque
1280 1379 1296 1440 5

287 1487 533 1568 Designatorem
548 1484 677 1547 decorat
691 1484 855 1548 lictoribus
870 1485 956 1566 atris,

288 1585 378 1648 Dum
394 1585 499 1667 pueris
515 1584 620 1646 omnis
635 1593 770 1666 pateret
784 1584 962 1646 matercula
976 1583 1083 1665 pallet,

289 1683 508 1764 Officiosaque
524 1683 679 1746 sedulitas
694 1694 726 1746 et
740 1683 846 1766 opella
860 1682 994 1747 forensis
1050 1735 1054 1740 .

289 1777 430 1847 Adducit
445 1782 547 1844 febres
562 1793 594 1844 et
609 1792 803 1844 testamenta
816 1783 969 1865 resignat.

289 1881 417 1953 Quodsi
432 1882 547 1944 bruma
562 1881 654 1945 nives
668 1882 806 1945 Albanis
821 1882 924 1944 illinet
938 1882 1032 1964 agris

291 1981 342 2045 Ad
357 2000 446 2043 mare
461 1980 634 2044 descendet
648 1991 740 2043 vates
756 1993 841 2060 tuus,
856 1991 889 2043 et
903 1982 964 2044 sibi
978 1992 1097 2064 parcet,

291 2081 548 2162 Contractusque
563 2079 665 2163 leget3
689 2091 729 2161 te,
745 2080 849 2144 dulcis
864 2080 976 2161 amice,
992 2081 1107 2143 reviset

291 2180 377 2243 Cum
393 2180 563 2263 Zephyris,
580 2180 607 2242 si
622 2182 788 2259 concedes,
803 2192 835 2241 et
850 2179 1022 2243 hirundine
1036 2180 1150 2263 prima.

292 2280 374 2359 Non,
390 2298 455 2360 quo
470 2299 557 2341 rnore
573 2280 661 2360 pyris
676 2280 764 2341 vesci
779 2279 916 2354 Calaber
925 2279 1018 2363 Jubet
1032 2279 1158 2361 hospes,

292 2379 350 2441 'l'u
364 2398 416 2441 me
431 2378 533 2441 fecisti
549 2378 938 2461 locupletem.-Veseere,
952 2378 1100 2441 sodes.—
1268 2376 1298 2440 16

293 2478 367 2541 Jarn
383 2478 461 2540 satis
477 2480 622 2541 est—At
637 2489 680 2558 tu,
697 2488 858 2560 quantum
873 2480 932 2560 viS,
948 2478 1022 2541 tolle
1034 2477 1279 2560 !-Beuigne.-

294 2576 370 2639 Non
385 2577 491 2639 invisa
506 2577 586 2640 seres
601 2579 709 2660 pueris
723 2579 923 2641 munuscula
938 2578 1100 2660 parvis.—

294 2677 382 2740 Tam
398 2687 505 2739 teneor
520 2676 613 2757 don0,
628 2697 729 2758 quarn
743 2678 771 2739 si
786 2678 928 2740 dimittar
941 2689 1132 2740 onustus.-

294 2775 339 2840 Ut
354 2776 447 2838 libet:
469 2776 550 2838 haec
566 2777 668 2858 porcis
683 2776 778 2839 hodie
792 2776 991 2839 comedenda
1005 2777 1216 2857 relinques.-

294 2873 453 2957 Prodigus
468 2885 500 2937 et
514 2875 633 2938 stultus
647 2875 755 2955 donat,
771 2896 855 2957 quae
871 2876 990 2959 spernit
1004 2887 1036 2938 et
1050 2876 1134 2939 odit:
1265 2871 1296 2937 20

296 2974 386 3035 Haec
401 2994 492 3055 seges
507 2974 647 3057 ingratos
663 2975 736 3037 tulit
751 2986 782 3037 et
797 2974 875 3037 feret
888 2978 1039 3040 omnibus
1053 2976 1157 3039 annis.

296 3072 351 3134 Vir
365 3072 469 3135 bonus
486 3082 518 3134 et
533 3073 660 3155 sapiens
675 3074 781 3155 dignis
796 3075 841 3136 ait
855 3095 924 3137 esse
939 3086 1079 3157 paratus,

298 3170 365 3233 Nee
380 3181 489 3233 tamen
505 3172 637 3253 ignorat,
653 3174 734 3255 quid
748 3174 868 3237 distent
882 3195 957 3237 aera
972 3175 1102 3257 lupinis.

300 3268 444 3350 Dignum
459 3270 625 3351 praestabo
640 3291 692 3334 me
707 3272 806 3335 etiarn
821 3292 876 3354 pro
891 3273 988 3336 laude
1002 3274 1161 3336 merentis.

296 3366 425 3438 Quodsi
440 3388 492 3429 me
508 3368 596 3432 noles
612 3390 752 3452 usquam
767 3372 938 3452 discedere,
954 3372 1067 3435 reddes
1266 3367 1295 3430 25
1339 3367 1340 3448 l

298 3469 392 3530 Forte
407 3466 501 3548 latus,
518 3488 625 3551 nigros
641 3483 781 3552 angusta
795 3471 897 3534 fronte
912 3473 1053 3555 capillos,
1339 3457 1340 3468 ἵ

446 3669 475 3717 Ε.
488 3671 528 3719 vii.
541 3668 564 3717 3.
582 3680 692 3731 reeteque
705 3670 786 3720 videre
797 3672 918 3721 valentem
997 3673 1034 3722 19,
1051 3673 1173 3734 relinquis.

719 3751 760 3800 22.
776 3763 894 3813 paratum.
