2742 4250
646 241 844 291 onesimum

471 398 599 462 Chattis
614 409 798 462 momatum
812 398 920 477 silebo,

513 498 619 561 'I'otve
635 509 708 560 tuos
723 498 827 580 patiar
841 497 965 561 labores

428 696 573 778 Impune,
590 695 683 773 Lolli,
699 693 827 776 carpere
841 694 958 758 lividas

427 795 624 859 obliviones.
669 795 731 856 Est
744 795 875 858 animus
890 795 947 858 tibi

468 894 654 974 Rerumque
669 893 810 976 prudens
823 905 856 956 et
870 892 1021 959 secundis
1080 955 1083 959 .

513 993 731 1075 Temporibus
746 992 918 1074 dubiisque
933 1003 1037 1056 rectus
1049 1013 1057 1074 ;

427 1190 556 1256 Vindex
570 1211 689 1254 avarae
703 1189 825 1253 fraudis
840 1200 872 1253 et
886 1191 1064 1255 abstinens
1079 1176 1082 1183 ’

431 1291 585 1355 Ducentis
600 1290 642 1353 ad
657 1311 692 1353 se
705 1300 824 1354 cuneta
838 1291 1014 1373 pecunieej

467 1391 653 1472 Consulque
667 1410 734 1453 non
748 1389 847 1453 unius
860 1389 947 1470 anni,
995 1375 998 1380 ’

419 1562 421 1572 y
509 1490 573 1554 Sed
588 1490 714 1571 quoties
728 1490 833 1553 bonus
847 1500 945 1571 atque
959 1487 1046 1552 fidus

424 1689 444 1754 J
447 1689 533 1754 udex
548 1690 722 1753 honestum
737 1689 887 1771 praetulit
901 1689 981 1769 utili,

423 1789 544 1872 Rejeeit
558 1788 624 1852 aito
638 1787 725 1851 done
739 1789 924 1852 nocentium

464 1888 574 1969 Vultu,
590 1907 646 1971 per
659 1887 822 1950 obstantes
836 1898 982 1950 catervas

507 1986 676 2070 Explicuit
692 2006 752 2048 sua
767 1987 867 2048 vietor
881 2007 980 2050 erma.

423 2188 497 2252 Non
512 2186 729 2270 possidentem
743 2185 847 2249 muita
863 2186 1027 2249 vocaveris

425 2287 520 2350 Recte
534 2286 684 2349 beatum:
707 2286 823 2349 rectius
838 2297 974 2368 occupat

464 2384 590 2449 Nomen
604 2383 698 2464 beati,
714 2384 772 2466 qui
785 2382 920 2447 deorum

505 2484 696 2548 Muneribus
710 2482 870 2566 sapienter
883 2482 943 2565 uti,

421 2683 609 2764 Duramque
625 2682 721 2744 callet
735 2681 921 2763 pauperiem
935 2683 1010 2763 pati,

418 2779 581 2865 Pejusque
596 2780 658 2843 leto
673 2779 836 2863 flagitium
851 2779 949 2858 timet,

463 2880 537 2944 Non
552 2880 606 2943 ille
620 2900 676 2963 pro
691 2879 773 2941 caris
789 2877 902 2941 amicis

505 2980 570 3043 Aut
584 2979 686 3061 patria
702 2977 835 3041 timidus
849 2978 958 3060 perire.

306 3251 312 3274 l
400 3178 474 3231 stix.
488 3179 528 3229 ³1.
545 3177 608 3227 sileri
682 3177 838 3227 trutino.
904 3175 1081 3227 revolute
