<?xml version="1.0" encoding="UTF-8"?>
<!DOCTYPE html PUBLIC "-//W3C//DTD XHTML 1.0 Transitional//EN"
    "http://www.w3.org/TR/xhtml1/DTD/xhtml1-transitional.dtd">
<html xmlns="http://www.w3.org/1999/xhtml" xml:lang="en" lang="en">
 <head>
  <title>
</title>
<meta http-equiv="Content-Type" content="text/html;charset=utf-8" />
  <meta name='ocr-system' content='tesseract 3.04.00' />
  <meta name='ocr-capabilities' content='ocr_page ocr_carea ocr_par ocr_line ocrx_word'/>
</head>
<body>
  <div class='ocr_page' id='page_1' title='image "./workshoracewith01lincgoog_0081.png"; bbox 0 0 2742 4250; ppageno 0'>
   <div class='ocr_carea' id='block_1_1' title="bbox 374 267 1160 348">
    <p class='ocr_par' dir='ltr' id='par_1_1' title="bbox 374 267 1160 348">
     <span class='ocr_line' id='line_1_1' title="bbox 374 267 1160 348; baseline 0.001 -1"><span class='ocrx_word' id='word_1_1' title='bbox 374 267 858 348; x_wconf 68' lang='lat' dir='ltr'>&#39;musaeum</span> <span class='ocrx_word' id='word_1_2' title='bbox 1112 279 1160 348; x_wconf 76' lang='lat'>³5</span> 
     </span>
    </p>
   </div>
   <div class='ocr_carea' id='block_1_2' title="bbox 481 565 829 637">
    <p class='ocr_par' dir='ltr' id='par_1_2' title="bbox 481 565 829 637">
     <span class='ocr_line' id='line_1_2' title="bbox 481 565 829 637; baseline 0.003 -10"><span class='ocrx_word' id='word_1_3' title='bbox 481 565 661 630; x_wconf 79' lang='lat' dir='ltr'>GARMEN</span> <span class='ocrx_word' id='word_1_4' title='bbox 691 567 829 637; x_wconf 78' lang='lat' dir='ltr'>xxm</span> 
     </span>
    </p>
   </div>
   <div class='ocr_carea' id='block_1_3' title="bbox 534 750 778 794">
    <p class='ocr_par' dir='ltr' id='par_1_3' title="bbox 534 750 778 794">
     <span class='ocr_line' id='line_1_3' title="bbox 534 750 778 794; baseline 0.008 -2"><span class='ocrx_word' id='word_1_5' title='bbox 534 750 586 793; x_wconf 73' lang='lat' dir='ltr'>AD</span> <span class='ocrx_word' id='word_1_6' title='bbox 614 751 778 794; x_wconf 66' lang='lat' dir='ltr'>Lunum.</span> 
     </span>
    </p>
   </div>
   <div class='ocr_carea' id='block_1_4' title="bbox 296 911 1024 1289">
    <p class='ocr_par' dir='ltr' id='par_1_4' title="bbox 296 911 963 996">
     <span class='ocr_line' id='line_1_4' title="bbox 296 911 963 996; baseline 0.003 -20"><span class='ocrx_word' id='word_1_7' title='bbox 296 911 471 976; x_wconf 88' lang='lat' dir='ltr'>Poscimur.</span> <span class='ocrx_word' id='word_1_8' title='bbox 513 911 641 996; x_wconf 88' lang='lat' dir='ltr'>Siquid</span> <span class='ocrx_word' id='word_1_9' title='bbox 659 913 756 978; x_wconf 85' lang='lat' dir='ltr'>vacui</span> <span class='ocrx_word' id='word_1_10' title='bbox 769 913 832 977; x_wconf 83' lang='lat' dir='ltr'>sub</span> <span class='ocrx_word' id='word_1_11' title='bbox 846 913 963 978; x_wconf 68' lang='lat' dir='ltr'>uzubra</span> 
     </span>
    </p>

    <p class='ocr_par' dir='ltr' id='par_1_5' title="bbox 296 1010 1024 1094">
     <span class='ocr_line' id='line_1_5' title="bbox 296 1010 1024 1094; baseline 0.003 -20"><span class='ocrx_word' id='word_1_12' title='bbox 296 1010 452 1074; x_wconf 84' lang='lat' dir='ltr'>Lusimus</span> <span class='ocrx_word' id='word_1_13' title='bbox 468 1019 584 1092; x_wconf 86' lang='lat' dir='ltr'>tecum,</span> <span class='ocrx_word' id='word_1_14' title='bbox 599 1011 688 1094; x_wconf 90' lang='lat' dir='ltr'>quod</span> <span class='ocrx_word' id='word_1_15' title='bbox 702 1021 735 1075; x_wconf 82' lang='lat' dir='ltr'>et</span> <span class='ocrx_word' id='word_1_16' title='bbox 747 1011 837 1076; x_wconf 90' lang='lat' dir='ltr'>hunc</span> <span class='ocrx_word' id='word_1_17' title='bbox 852 1011 886 1076; x_wconf 91' lang='lat' dir='ltr'>in</span> <span class='ocrx_word' id='word_1_18' title='bbox 899 1031 1024 1076; x_wconf 83' lang='lat' dir='ltr'>annum</span> 
     </span>
    </p>

    <p class='ocr_par' dir='ltr' id='par_1_6' title="bbox 297 1109 912 1289">
     <span class='ocr_line' id='line_1_6' title="bbox 297 1109 912 1193; baseline 0.002 -21"><span class='ocrx_word' id='word_1_19' title='bbox 297 1109 403 1189; x_wconf 81' lang='lat' dir='ltr'>Vivat,</span> <span class='ocrx_word' id='word_1_20' title='bbox 418 1118 450 1172; x_wconf 90' lang='lat' dir='ltr'>et</span> <span class='ocrx_word' id='word_1_21' title='bbox 464 1109 580 1192; x_wconf 88' lang='lat' dir='ltr'>plures,</span> <span class='ocrx_word' id='word_1_22' title='bbox 595 1129 665 1193; x_wconf 82' lang='lat' dir='ltr'>age,</span> <span class='ocrx_word' id='word_1_23' title='bbox 680 1110 733 1172; x_wconf 88' lang='lat' dir='ltr'>dic</span> <span class='ocrx_word' id='word_1_24' title='bbox 747 1109 912 1191; x_wconf 82' lang='lat' dir='ltr'>Latinum,</span> 
     </span>
     <span class='ocr_line' id='line_1_7' title="bbox 380 1209 673 1289; baseline -0.003 -17"><span class='ocrx_word' id='word_1_25' title='bbox 380 1209 517 1289; x_wconf 87' lang='lat' dir='ltr'>Barbite,</span> <span class='ocrx_word' id='word_1_26' title='bbox 531 1228 673 1289; x_wconf 88' lang='lat' dir='ltr'>carmen,</span> 
     </span>
    </p>
   </div>
   <div class='ocr_carea' id='block_1_5' title="bbox 297 1390 956 1768">
    <p class='ocr_par' dir='ltr' id='par_1_7' title="bbox 297 1390 956 1671">
     <span class='ocr_line' id='line_1_8' title="bbox 297 1390 956 1474; baseline 0.002 -21"><span class='ocrx_word' id='word_1_27' title='bbox 297 1390 414 1454; x_wconf 88' lang='lat' dir='ltr'>Lesbio</span> <span class='ocrx_word' id='word_1_28' title='bbox 428 1391 569 1473; x_wconf 89' lang='lat' dir='ltr'>primum</span> <span class='ocrx_word' id='word_1_29' title='bbox 584 1390 747 1454; x_wconf 89' lang='lat' dir='ltr'>modulate</span> <span class='ocrx_word' id='word_1_30' title='bbox 762 1391 847 1474; x_wconf 78' lang='lat' dir='ltr'>civi3</span> <span class='ocrx_word' id='word_1_31' title='bbox 954 1442 956 1445; x_wconf 90' lang='lat'>.</span> 
     </span>
     <span class='ocr_line' id='line_1_9' title="bbox 297 1487 910 1570; baseline 0 -18"><span class='ocrx_word' id='word_1_32' title='bbox 297 1489 367 1560; x_wconf 82' lang='lat' dir='ltr'>Qui</span> <span class='ocrx_word' id='word_1_33' title='bbox 381 1487 471 1553; x_wconf 82' lang='lat' dir='ltr'>ferox</span> <span class='ocrx_word' id='word_1_34' title='bbox 485 1490 577 1570; x_wconf 85' lang='lat' dir='ltr'>bello,</span> <span class='ocrx_word' id='word_1_35' title='bbox 593 1500 702 1553; x_wconf 88' lang='lat' dir='ltr'>tamen</span> <span class='ocrx_word' id='word_1_36' title='bbox 717 1490 798 1553; x_wconf 87' lang='lat' dir='ltr'>inter</span> <span class='ocrx_word' id='word_1_37' title='bbox 812 1511 910 1570; x_wconf 88' lang='lat' dir='ltr'>arma,</span> 
     </span>
     <span class='ocr_line' id='line_1_10' title="bbox 298 1587 783 1671; baseline -0.006 -19"><span class='ocrx_word' id='word_1_38' title='bbox 298 1588 374 1652; x_wconf 83' lang='lat' dir='ltr'>Sive</span> <span class='ocrx_word' id='word_1_39' title='bbox 384 1589 541 1670; x_wconf 88' lang='lat' dir='ltr'>jactatam</span> <span class='ocrx_word' id='word_1_40' title='bbox 556 1587 704 1671; x_wconf 83' lang='lat' dir='ltr'><strong>religarat</strong></span> <span class='ocrx_word' id='word_1_41' title='bbox 718 1589 783 1652; x_wconf 90' lang='lat' dir='ltr'>udo</span> 
     </span>
    </p>

    <p class='ocr_par' dir='ltr' id='par_1_8' title="bbox 382 1687 623 1768">
     <span class='ocr_line' id='line_1_11' title="bbox 382 1687 623 1768; baseline -0.008 -18"><span class='ocrx_word' id='word_1_42' title='bbox 382 1687 488 1750; x_wconf 84' lang='lat' dir='ltr'>Litore</span> <span class='ocrx_word' id='word_1_43' title='bbox 503 1687 623 1768; x_wconf 85' lang='lat' dir='ltr'>navim,</span> 
     </span>
    </p>
   </div>
   <div class='ocr_carea' id='block_1_6' title="bbox 298 1866 1163 2229">
    <p class='ocr_par' dir='ltr' id='par_1_9' title="bbox 298 1866 1163 2150">
     <span class='ocr_line' id='line_1_12' title="bbox 298 1866 971 1951; baseline -0.003 -19"><span class='ocrx_word' id='word_1_44' title='bbox 298 1868 451 1932; x_wconf 89' lang='lat' dir='ltr'>Liberum</span> <span class='ocrx_word' id='word_1_45' title='bbox 465 1879 497 1931; x_wconf 85' lang='lat' dir='ltr'>et</span> <span class='ocrx_word' id='word_1_46' title='bbox 511 1869 626 1932; x_wconf 87' lang='lat' dir='ltr'>Musas</span> <span class='ocrx_word' id='word_1_47' title='bbox 641 1869 862 1951; x_wconf 81' lang='lat' dir='ltr'>Veneremque</span> <span class='ocrx_word' id='word_1_48' title='bbox 876 1866 971 1930; x_wconf 85' lang='lat' dir='ltr'>atilli</span> 
     </span>
     <span class='ocr_line' id='line_1_13' title="bbox 300 1967 1163 2050; baseline -0.002 -20"><span class='ocrx_word' id='word_1_49' title='bbox 300 1967 432 2050; x_wconf 84' lang='lat' dir='ltr'>Semper</span> <span class='ocrx_word' id='word_1_50' title='bbox 446 1967 632 2031; x_wconf 85' lang='lat' dir='ltr'>haerentem</span> <span class='ocrx_word' id='word_1_51' title='bbox 647 1986 784 2050; x_wconf 90' lang='lat' dir='ltr'>puerum</span> <span class='ocrx_word' id='word_1_52' title='bbox 798 1967 942 2046; x_wconf 81' lang='lat' dir='ltr'>canebat,</span> <span class='ocrx_word' id='word_1_53' title='bbox 1125 1967 1163 2029; x_wconf 88' lang='lat'>10</span> 
     </span>
     <span class='ocr_line' id='line_1_14' title="bbox 299 2051 1010 2150; baseline 0 -21"><span class='ocrx_word' id='word_1_54' title='bbox 299 2065 343 2129; x_wconf 85' lang='lat' dir='ltr'>Et</span> <span class='ocrx_word' id='word_1_55' title='bbox 356 2066 495 2150; x_wconf 83' lang='lat' dir='ltr'>Lycum,</span> <span class='ocrx_word' id='word_1_56' title='bbox 510 2066 609 2150; x_wconf 84' lang='lat' dir='ltr'>nigris</span> <span class='ocrx_word' id='word_1_57' title='bbox 623 2065 726 2130; x_wconf 82' lang='lat' dir='ltr'>oculis</span> <span class='ocrx_word' id='word_1_58' title='bbox 740 2065 893 2149; x_wconf 82' lang='lat' dir='ltr'>nigroque</span> <span class='ocrx_word' id='word_1_59' title='bbox 1002 2051 1010 2064; x_wconf 71' lang='grc'>’</span> 
     </span>
    </p>

    <p class='ocr_par' dir='ltr' id='par_1_10' title="bbox 383 2166 653 2229">
     <span class='ocr_line' id='line_1_15' title="bbox 383 2166 653 2229; baseline -0.004 0"><span class='ocrx_word' id='word_1_60' title='bbox 383 2166 478 2229; x_wconf 85' lang='lat' dir='ltr'>Crine</span> <span class='ocrx_word' id='word_1_61' title='bbox 494 2166 653 2229; x_wconf 89' lang='lat' dir='ltr'>decorum.</span> 
     </span>
    </p>
   </div>
   <div class='ocr_carea' id='block_1_7' title="bbox 299 2347 935 2708">
    <p class='ocr_par' dir='ltr' id='par_1_11' title="bbox 299 2347 935 2432">
     <span class='ocr_line' id='line_1_16' title="bbox 299 2347 935 2432; baseline -0.002 -21"><span class='ocrx_word' id='word_1_62' title='bbox 299 2348 329 2411; x_wconf 93' lang='grc' dir='ltr'><strong>Ο</strong></span> <span class='ocrx_word' id='word_1_63' title='bbox 343 2347 443 2411; x_wconf 85' lang='lat' dir='ltr'>decus</span> <span class='ocrx_word' id='word_1_64' title='bbox 461 2349 582 2412; x_wconf 90' lang='lat' dir='ltr'>Phoebi</span> <span class='ocrx_word' id='word_1_65' title='bbox 597 2359 628 2411; x_wconf 85' lang='lat' dir='ltr'>et</span> <span class='ocrx_word' id='word_1_66' title='bbox 642 2348 780 2432; x_wconf 83' lang='lat' dir='ltr'>dapibus</span> <span class='ocrx_word' id='word_1_67' title='bbox 795 2348 935 2431; x_wconf 84' lang='lat' dir='ltr'>supremi</span> 
     </span>
    </p>

    <p class='ocr_par' dir='ltr' id='par_1_12' title="bbox 299 2446 851 2527">
     <span class='ocr_line' id='line_1_17' title="bbox 299 2446 851 2527; baseline 0 -18"><span class='ocrx_word' id='word_1_68' title='bbox 299 2448 398 2509; x_wconf 86' lang='lat' dir='ltr'>Grata</span> <span class='ocrx_word' id='word_1_69' title='bbox 414 2446 541 2511; x_wconf 89' lang='lat' dir='ltr'>testudo</span> <span class='ocrx_word' id='word_1_70' title='bbox 555 2447 654 2527; x_wconf 81' lang='lat' dir='ltr'>Jovis,</span> <span class='ocrx_word' id='word_1_71' title='bbox 669 2447 851 2511; x_wconf 85' lang='lat' dir='ltr'>claborum</span> 
     </span>
    </p>

    <p class='ocr_par' dir='ltr' id='par_1_13' title="bbox 303 2544 915 2708">
     <span class='ocr_line' id='line_1_18' title="bbox 303 2544 915 2629; baseline -0.002 -22"><span class='ocrx_word' id='word_1_72' title='bbox 303 2544 405 2608; x_wconf 85' lang='lat' dir='ltr'>Dulce</span> <span class='ocrx_word' id='word_1_73' title='bbox 420 2545 569 2626; x_wconf 86' lang='lat' dir='ltr'>lenimen,</span> <span class='ocrx_word' id='word_1_74' title='bbox 584 2545 666 2609; x_wconf 89' lang='lat' dir='ltr'>milri</span> <span class='ocrx_word' id='word_1_75' title='bbox 680 2565 810 2629; x_wconf 84' lang='lat' dir='ltr'>cunque</span> <span class='ocrx_word' id='word_1_76' title='bbox 825 2545 915 2609; x_wconf 86' lang='lat' dir='ltr'>salve</span> 
     </span>
     <span class='ocr_line' id='line_1_19' title="bbox 385 2644 607 2708; baseline 0 -1"><span class='ocrx_word' id='word_1_77' title='bbox 385 2644 455 2707; x_wconf 85' lang='lat' dir='ltr'>Rite</span> <span class='ocrx_word' id='word_1_78' title='bbox 470 2645 607 2708; x_wconf 87' lang='lat' dir='ltr'>vocanti.</span> 
     </span>
    </p>
   </div>
   <div class='ocr_carea' id='block_1_8' title="bbox 477 3138 934 3203">
    <p class='ocr_par' dir='ltr' id='par_1_14' title="bbox 477 3138 934 3203">
     <span class='ocr_line' id='line_1_20' title="bbox 477 3138 934 3203; baseline -0.011 0"><span class='ocrx_word' id='word_1_79' title='bbox 477 3140 656 3203; x_wconf 81' lang='lat' dir='ltr'><strong>GARMEN</strong></span> <span class='ocrx_word' id='word_1_80' title='bbox 684 3138 844 3200; x_wconf 84' lang='lat' dir='ltr'>XXXIIL</span> <span class='ocrx_word' id='word_1_81' title='bbox 932 3174 934 3179; x_wconf 94' lang='lat'>·</span> 
     </span>
    </p>
   </div>
   <div class='ocr_carea' id='block_1_9' title="bbox 319 3237 942 3365">
    <p class='ocr_par' dir='ltr' id='par_1_15' title="bbox 319 3237 942 3365">
     <span class='ocr_line' id='line_1_21' title="bbox 319 3237 942 3365; baseline -0.003 0"><span class='ocrx_word' id='word_1_82' title='bbox 319 3237 340 3295; x_wconf 49' lang='lat'><em>†</em></span> <span class='ocrx_word' id='word_1_83' title='bbox 375 3322 431 3365; x_wconf 74' lang='lat' dir='ltr'>An</span> <span class='ocrx_word' id='word_1_84' title='bbox 464 3323 647 3365; x_wconf 80' lang='lat' dir='ltr'><strong>ALBIUM</strong></span> <span class='ocrx_word' id='word_1_85' title='bbox 681 3322 942 3364; x_wconf 73' lang='lat' dir='ltr'>TIBuuLuu.</span> 
     </span>
    </p>
   </div>
   <div class='ocr_carea' id='block_1_10' title="bbox 342 3482 954 3665">
    <p class='ocr_par' dir='ltr' id='par_1_16' title="bbox 342 3482 954 3665">
     <span class='ocr_line' id='line_1_22' title="bbox 342 3482 954 3565; baseline 0 -21"><span class='ocrx_word' id='word_1_86' title='bbox 342 3483 425 3563; x_wconf 81' lang='lat' dir='ltr'>Albi,</span> <span class='ocrx_word' id='word_1_87' title='bbox 441 3503 481 3546; x_wconf 92' lang='lat' dir='ltr'>ne</span> <span class='ocrx_word' id='word_1_88' title='bbox 497 3482 607 3545; x_wconf 80' lang='lat' dir='ltr'>doleas</span> <span class='ocrx_word' id='word_1_89' title='bbox 621 3483 696 3565; x_wconf 86' lang='lat' dir='ltr'>plus</span> <span class='ocrx_word' id='word_1_90' title='bbox 711 3482 818 3563; x_wconf 91' lang='lat' dir='ltr'>nimio,</span> <span class='ocrx_word' id='word_1_91' title='bbox 834 3502 954 3545; x_wconf 88' lang='lat' dir='ltr'>memor</span> 
     </span>
     <span class='ocr_line' id='line_1_23' title="bbox 345 3580 952 3665; baseline 0.002 -24"><span class='ocrx_word' id='word_1_92' title='bbox 345 3582 478 3644; x_wconf 80' lang='lat' dir='ltr'>lmmitis</span> <span class='ocrx_word' id='word_1_93' title='bbox 493 3582 658 3665; x_wconf 86' lang='lat' dir='ltr'>Glycerae,</span> <span class='ocrx_word' id='word_1_94' title='bbox 674 3580 742 3643; x_wconf 60' lang='lat' dir='ltr'>neu‘</span> <span class='ocrx_word' id='word_1_95' title='bbox 755 3580 952 3644; x_wconf 84' lang='lat' dir='ltr'>miserabiles</span> 
     </span>
    </p>
   </div>
   <div class='ocr_carea' id='block_1_11' title="bbox 396 3765 902 3885">
    <p class='ocr_par' dir='ltr' id='par_1_17' title="bbox 396 3765 902 3885">
     <span class='ocr_line' id='line_1_24' title="bbox 396 3765 902 3885; baseline -0.004 -71"><span class='ocrx_word' id='word_1_96' title='bbox 396 3766 448 3885; x_wconf 70' lang='lat'>40.</span> <span class='ocrx_word' id='word_1_97' title='bbox 461 3770 534 3815; x_wconf 75' lang='lat' dir='ltr'>xxxii.</span> <span class='ocrx_word' id='word_1_98' title='bbox 552 3770 571 3815; x_wconf 95' lang='lat' dir='ltr'>l.</span> <span class='ocrx_word' id='word_1_99' title='bbox 592 3765 733 3819; x_wconf 67' lang='lat' dir='ltr'>Poscimucr</span> <span class='ocrx_word' id='word_1_100' title='bbox 749 3765 808 3813; x_wconf 69' lang='lat' dir='ltr'>ilia</span> <span class='ocrx_word' id='word_1_101' title='bbox 826 3775 902 3813; x_wconf 75' lang='lat' dir='ltr'>antro</span> 
     </span>
    </p>
   </div>
   <div class='ocr_carea' id='block_1_12' title="bbox 0 0 1384 4250">
    <p class='ocr_par' dir='ltr' id='par_1_18' title="bbox 0 0 1384 4250">
     <span class='ocr_line' id='line_1_25' title="bbox 0 0 1384 4250; baseline 0 0"><span class='ocrx_word' id='word_1_102' title='bbox 0 0 1384 4250; x_wconf 95' lang='lat' dir='ltr'> </span> 
     </span>
    </p>
   </div>
  </div>
 </body>
</html>
