2742 4250
648 251 849 303 ‹2an

367 407 530 474 Intentata
543 408 647 472 nites!
690 409 747 474 Me
761 409 873 474 tabule
887 429 980 474 sarar

253 559 256 564 .
368 506 484 572 Votiva
497 507 601 591 paries
616 507 739 573 indicat
753 508 855 574 uvida

408 606 623 689 Suspendisse
636 609 760 692 potenti

450 706 650 772 Vestimenta
663 708 763 772 maris
777 707 846 771 deo.

617 1296 798 1358 cannen
825 1297 882 1357 vr
908 1272 910 1275 ’

381 1494 438 1538 ΔΙ)
468 1496 510 1538 Μ.
543 1495 812 1538 VIPSANIUM
844 1495 1111 1540 aculeum.

363 1673 517 1737 Scriberis
531 1673 628 1739 Vario
642 1673 731 1737 fortis
747 1684 779 1737 et
792 1674 936 1737 hostium

364 1772 471 1837 Victor
485 1773 627 1838 Maeonii
641 1774 794 1837 carminis
808 1774 893 1853 alite,

363 1873 479 1942 Quam
492 1894 561 1938 rem
574 1893 706 1957 cunque
721 1872 810 1937 seror
824 1874 964 1937 navibus
978 1883 1037 1936 aut
1050 1873 1143 1956 equis

407 1971 501 2036 Miles
515 1984 546 2036 te
561 1973 644 2038 duce
660 1974 801 2056 gesserit

365 2171 441 2251 Nos,
456 2172 608 2255 Agrippa,
621 2191 726 2253 neque
740 2171 823 2233 haec
837 2171 951 2250 dicere,
964 2190 1024 2233 nec
1034 2190 1169 2253 gravem
1246 2176 1264 2236 5
1363 2209 1364 2222 ,

363 2269 493 2334 Pelidae
509 2271 714 2335 stomachum
729 2268 841 2331 cedere
855 2269 965 2349 nescii,

364 2369 433 2434 Nec
447 2389 562 2433 cursus
577 2369 716 2451 duplicis
729 2387 785 2451 per
798 2388 888 2434 mare
903 2368 1022 2450 Ulixei,

406 2468 474 2532 Nec
490 2487 623 2531 saevam
638 2466 766 2551 Pelopis
781 2466 917 2531 domurn

363 2669 538 2748 Conamur,
554 2678 668 2731 tenues
683 2666 827 2749 grandia,
842 2666 925 2733 dum
938 2669 1041 2753 pudor

363 2766 570 2850 Imbeliisque
584 2767 674 2850 lyrae
690 2767 789 2833 Musa
801 2779 915 2851 potans
930 2780 1018 2835 vetat

361 2865 492 2934 Laudes
506 2867 626 2950 egregii
641 2869 791 2933 Caesaris
805 2880 926 2933 attuas

404 2966 511 3051 Culpa
525 2966 665 3032 deterere
680 2970 803 3053 ingeni.

360 3166 447 3237 Quis
462 3165 600 3231 Martem
616 3167 729 3230 tunica
744 3175 863 3229 tectum
880 3165 1093 3229 adamantina

362 3267 469 3350 Digne
483 3267 665 3349 scripserit?
687 3274 746 3329 aut
759 3265 891 3348 pulvere
906 3266 1025 3331 Troico

361 3366 499 3449 Nigrum
513 3364 704 3429 Merioneni
725 3374 784 3428 aut
797 3384 857 3447 ope
871 3364 1014 3429 Palladis

403 3465 557 3549 Tydiden
573 3465 706 3548 Superis
719 3465 854 3548 parem?

321 3669 355 3716 lc
374 3664 480 3715 humida.
596 3665 704 3716 csta
721 3664 780 3717 aliti.
902 3664 927 3715 3.
944 3680 991 3726 qua
1003 3680 1054 3713 rem
1066 3678 1168 3726 cunque.

431 3748 454 3796 7.
471 3742 593 3809 duplice„
609 3746 713 3811 Ulynei.
911 3749 950 3795 14.
968 3745 1051 3796 Troia.
