<?xml version="1.0" encoding="UTF-8"?>
<!DOCTYPE html PUBLIC "-//W3C//DTD XHTML 1.0 Transitional//EN"
    "http://www.w3.org/TR/xhtml1/DTD/xhtml1-transitional.dtd">
<html xmlns="http://www.w3.org/1999/xhtml" xml:lang="en" lang="en">
 <head>
  <title>
</title>
<meta http-equiv="Content-Type" content="text/html;charset=utf-8" />
  <meta name='ocr-system' content='tesseract 3.04.00' />
  <meta name='ocr-capabilities' content='ocr_page ocr_carea ocr_par ocr_line ocrx_word'/>
</head>
<body>
  <div class='ocr_page' id='page_1' title='image "./workshoracewith01lincgoog_0120.png"; bbox 0 0 2742 4250; ppageno 0'>
   <div class='ocr_carea' id='block_1_1' title="bbox 613 263 813 316">
    <p class='ocr_par' dir='ltr' id='par_1_1' title="bbox 613 263 813 316">
     <span class='ocr_line' id='line_1_1' title="bbox 613 263 813 316; baseline 0.01 -2"><span class='ocrx_word' id='word_1_1' title='bbox 613 263 813 316; x_wconf 72' lang='lat' dir='ltr'>annm</span> 
     </span>
    </p>
   </div>
   <div class='ocr_carea' id='block_1_2' title="bbox 389 421 993 605">
    <p class='ocr_par' dir='ltr' id='par_1_2' title="bbox 389 421 993 605">
     <span class='ocr_line' id='line_1_2' title="bbox 410 421 855 504; baseline 0 -20"><span class='ocrx_word' id='word_1_2' title='bbox 410 421 479 484; x_wconf 87' lang='lat' dir='ltr'>iras</span> <span class='ocrx_word' id='word_1_3' title='bbox 494 430 527 484; x_wconf 86' lang='lat' dir='ltr'>et</span> <span class='ocrx_word' id='word_1_4' title='bbox 540 421 684 485; x_wconf 85' lang='lat' dir='ltr'>invisum</span> <span class='ocrx_word' id='word_1_5' title='bbox 698 432 855 504; x_wconf 77' lang='lat' dir='ltr'>nepotem,</span> 
     </span>
     <span class='ocr_line' id='line_1_3' title="bbox 389 520 993 605; baseline 0 -20"><span class='ocrx_word' id='word_1_6' title='bbox 389 563 392 570; x_wconf 70' lang='lat'>,</span> <span class='ocrx_word' id='word_1_7' title='bbox 454 520 573 585; x_wconf 87' lang='lat' dir='ltr'>Troica</span> <span class='ocrx_word' id='word_1_8' title='bbox 587 541 686 603; x_wconf 89' lang='lat' dir='ltr'>quem</span> <span class='ocrx_word' id='word_1_9' title='bbox 701 523 821 605; x_wconf 84' lang='lat' dir='ltr'>peperit</span> <span class='ocrx_word' id='word_1_10' title='bbox 836 521 993 602; x_wconf 84' lang='lat' dir='ltr'>saeerdos,</span> 
     </span>
    </p>
   </div>
   <div class='ocr_carea' id='block_1_3' title="bbox 369 719 992 1099">
    <p class='ocr_par' dir='ltr' id='par_1_3' title="bbox 369 719 992 1099">
     <span class='ocr_line' id='line_1_4' title="bbox 369 719 992 803; baseline -0.002 -18"><span class='ocrx_word' id='word_1_11' title='bbox 369 721 466 786; x_wconf 87' lang='lat' dir='ltr'>Marti</span> <span class='ocrx_word' id='word_1_12' title='bbox 481 719 642 784; x_wconf 84' lang='lat' dir='ltr'>redonabo</span> <span class='ocrx_word' id='word_1_13' title='bbox 652 741 666 802; x_wconf 52' lang='lat'>3,</span> <span class='ocrx_word' id='word_1_14' title='bbox 684 720 779 783; x_wconf 85' lang='lat' dir='ltr'>illurn</span> <span class='ocrx_word' id='word_1_15' title='bbox 792 739 852 803; x_wconf 85' lang='lat' dir='ltr'>ego</span> <span class='ocrx_word' id='word_1_16' title='bbox 867 720 992 785; x_wconf 83' lang='lat' dir='ltr'>lucidas</span> 
     </span>
     <span class='ocr_line' id='line_1_5' title="bbox 369 819 854 900; baseline -0.004 -16"><span class='ocrx_word' id='word_1_17' title='bbox 369 821 453 884; x_wconf 91' lang='lat' dir='ltr'>Inire</span> <span class='ocrx_word' id='word_1_18' title='bbox 468 819 569 900; x_wconf 87' lang='lat' dir='ltr'>sedes,</span> <span class='ocrx_word' id='word_1_19' title='bbox 585 819 703 882; x_wconf 84' lang='lat' dir='ltr'>ducere</span> <span class='ocrx_word' id='word_1_20' title='bbox 717 821 854 883; x_wconf 81' lang='lat' dir='ltr'>nectaris</span> 
     </span>
     <span class='ocr_line' id='line_1_6' title="bbox 410 917 872 1000; baseline -0.002 -17"><span class='ocrx_word' id='word_1_21' title='bbox 410 920 541 998; x_wconf 83' lang='lat' dir='ltr'>Succos,</span> <span class='ocrx_word' id='word_1_22' title='bbox 556 927 588 980; x_wconf 91' lang='lat' dir='ltr'>et</span> <span class='ocrx_word' id='word_1_23' title='bbox 602 917 741 982; x_wconf 82' lang='lat' dir='ltr'><strong>adscribi</strong></span> <span class='ocrx_word' id='word_1_24' title='bbox 755 918 872 1000; x_wconf 84' lang='lat' dir='ltr'>quietis</span> 
     </span>
     <span class='ocr_line' id='line_1_7' title="bbox 454 1016 904 1099; baseline 0 -18"><span class='ocrx_word' id='word_1_25' title='bbox 454 1017 629 1081; x_wconf 87' lang='lat' dir='ltr'><strong>Ordinibus</strong></span> <span class='ocrx_word' id='word_1_26' title='bbox 644 1017 747 1099; x_wconf 88' lang='lat' dir='ltr'>patiar</span> <span class='ocrx_word' id='word_1_27' title='bbox 761 1016 904 1081; x_wconf 87' lang='lat' dir='ltr'>deorum.</span> 
     </span>
    </p>
   </div>
   <div class='ocr_carea' id='block_1_4' title="bbox 367 1214 1228 1595">
    <p class='ocr_par' dir='ltr' id='par_1_4' title="bbox 367 1214 1228 1595">
     <span class='ocr_line' id='line_1_8' title="bbox 369 1214 925 1298; baseline 0.002 -20"><span class='ocrx_word' id='word_1_28' title='bbox 369 1215 459 1278; x_wconf 89' lang='lat' dir='ltr'>Dum</span> <span class='ocrx_word' id='word_1_29' title='bbox 474 1214 591 1298; x_wconf 88' lang='lat' dir='ltr'>longus</span> <span class='ocrx_word' id='word_1_30' title='bbox 607 1215 688 1278; x_wconf 90' lang='lat' dir='ltr'>inter</span> <span class='ocrx_word' id='word_1_31' title='bbox 703 1216 827 1279; x_wconf 86' lang='lat' dir='ltr'>saeviat</span> <span class='ocrx_word' id='word_1_32' title='bbox 840 1216 925 1280; x_wconf 88' lang='lat' dir='ltr'>Ilion</span> 
     </span>
     <span class='ocr_line' id='line_1_9' title="bbox 367 1314 1014 1398; baseline 0 -20"><span class='ocrx_word' id='word_1_33' title='bbox 367 1315 571 1397; x_wconf 81' lang='lat' dir='ltr'>Romamque</span> <span class='ocrx_word' id='word_1_34' title='bbox 585 1323 712 1398; x_wconf 87' lang='lat' dir='ltr'>pontus,</span> <span class='ocrx_word' id='word_1_35' title='bbox 727 1315 871 1397; x_wconf 85' lang='lat' dir='ltr'>qualibet</span> <span class='ocrx_word' id='word_1_36' title='bbox 884 1314 1014 1378; x_wconf 82' lang='lat' dir='ltr'>exsules</span> 
     </span>
     <span class='ocr_line' id='line_1_10' title="bbox 408 1414 862 1496; baseline -0.002 -19"><span class='ocrx_word' id='word_1_37' title='bbox 408 1414 448 1477; x_wconf 89' lang='lat' dir='ltr'>ln</span> <span class='ocrx_word' id='word_1_38' title='bbox 463 1424 551 1496; x_wconf 84' lang='lat' dir='ltr'>parte</span> <span class='ocrx_word' id='word_1_39' title='bbox 566 1423 723 1496; x_wconf 83' lang='lat' dir='ltr'>regnanto</span> <span class='ocrx_word' id='word_1_40' title='bbox 736 1414 840 1496; x_wconf 83' lang='lat' dir='ltr'>beati3</span> <span class='ocrx_word' id='word_1_41' title='bbox 857 1433 862 1436; x_wconf 85' lang='lat'>·</span> 
     </span>
     <span class='ocr_line' id='line_1_11' title="bbox 452 1508 1228 1595; baseline -0.009 -18"><span class='ocrx_word' id='word_1_42' title='bbox 452 1514 543 1577; x_wconf 89' lang='lat' dir='ltr'>Dum</span> <span class='ocrx_word' id='word_1_43' title='bbox 558 1513 678 1576; x_wconf 82' lang='lat' dir='ltr'><strong>Priami</strong></span> <span class='ocrx_word' id='word_1_44' title='bbox 693 1513 881 1595; x_wconf 84' lang='lat' dir='ltr'><strong>Paridisque</strong></span> <span class='ocrx_word' id='word_1_45' title='bbox 897 1515 992 1577; x_wconf 89' lang='lat' dir='ltr'>busto</span> <span class='ocrx_word' id='word_1_46' title='bbox 1184 1508 1228 1570; x_wconf 78' lang='lat'>40</span> 
     </span>
    </p>
   </div>
   <div class='ocr_carea' id='block_1_5' title="bbox 368 1712 988 2096">
    <p class='ocr_par' dir='ltr' id='par_1_5' title="bbox 368 1712 988 2096">
     <span class='ocr_line' id='line_1_12' title="bbox 368 1712 988 1777; baseline 0 -1"><span class='ocrx_word' id='word_1_47' title='bbox 368 1712 506 1776; x_wconf 85' lang='lat' dir='ltr'>Insultet</span> <span class='ocrx_word' id='word_1_48' title='bbox 519 1723 703 1776; x_wconf 88' lang='lat' dir='ltr'>armentum</span> <span class='ocrx_word' id='word_1_49' title='bbox 717 1721 750 1777; x_wconf 89' lang='lat' dir='ltr'>et</span> <span class='ocrx_word' id='word_1_50' title='bbox 763 1714 889 1777; x_wconf 86' lang='lat' dir='ltr'>catulos</span> <span class='ocrx_word' id='word_1_51' title='bbox 903 1712 988 1777; x_wconf 83' lang='lat' dir='ltr'>serae</span> 
     </span>
     <span class='ocr_line' id='line_1_13' title="bbox 369 1810 917 1895; baseline 0.004 -21"><span class='ocrx_word' id='word_1_52' title='bbox 369 1810 483 1874; x_wconf 83' lang='lat' dir='ltr'>Celent</span> <span class='ocrx_word' id='word_1_53' title='bbox 497 1811 628 1893; x_wconf 89' lang='lat' dir='ltr'>inultae,</span> <span class='ocrx_word' id='word_1_54' title='bbox 644 1821 706 1875; x_wconf 86' lang='lat' dir='ltr'>stet</span> <span class='ocrx_word' id='word_1_55' title='bbox 721 1812 917 1895; x_wconf 82' lang='lat' dir='ltr'>Capitolium</span> 
     </span>
     <span class='ocr_line' id='line_1_14' title="bbox 414 1908 958 1996; baseline 0.002 -22"><span class='ocrx_word' id='word_1_56' title='bbox 414 1910 559 1994; x_wconf 85' lang='lat' dir='ltr'>Fulgens</span> <span class='ocrx_word' id='word_1_57' title='bbox 573 1911 844 1996; x_wconf 87' lang='lat' dir='ltr'>triumphatisque</span> <span class='ocrx_word' id='word_1_58' title='bbox 858 1908 958 1996; x_wconf 87' lang='lat' dir='ltr'>possit</span> 
     </span>
     <span class='ocr_line' id='line_1_15' title="bbox 454 2011 968 2096; baseline 0.002 -22"><span class='ocrx_word' id='word_1_59' title='bbox 454 2011 559 2075; x_wconf 89' lang='lat' dir='ltr'>Roma</span> <span class='ocrx_word' id='word_1_60' title='bbox 574 2011 664 2075; x_wconf 87' lang='lat' dir='ltr'>ferox</span> <span class='ocrx_word' id='word_1_61' title='bbox 679 2011 755 2074; x_wconf 84' lang='lat' dir='ltr'>dare</span> <span class='ocrx_word' id='word_1_62' title='bbox 765 2013 841 2096; x_wconf 89' lang='lat' dir='ltr'>jura·</span> <span class='ocrx_word' id='word_1_63' title='bbox 854 2011 968 2076; x_wconf 88' lang='lat' dir='ltr'>Medis.</span> 
     </span>
    </p>
   </div>
   <div class='ocr_carea' id='block_1_6' title="bbox 366 2209 1225 2592">
    <p class='ocr_par' dir='ltr' id='par_1_6' title="bbox 366 2209 1225 2592">
     <span class='ocr_line' id='line_1_16' title="bbox 366 2209 1225 2276; baseline 0.003 -3"><span class='ocrx_word' id='word_1_64' title='bbox 366 2209 534 2273; x_wconf 86' lang='lat' dir='ltr'>Horrenda</span> <span class='ocrx_word' id='word_1_65' title='bbox 548 2209 613 2273; x_wconf 91' lang='lat' dir='ltr'>late</span> <span class='ocrx_word' id='word_1_66' title='bbox 627 2229 745 2274; x_wconf 88' lang='lat' dir='ltr'>nomen</span> <span class='ocrx_word' id='word_1_67' title='bbox 760 2212 795 2274; x_wconf 91' lang='lat' dir='ltr'>in</span> <span class='ocrx_word' id='word_1_68' title='bbox 809 2211 942 2274; x_wconf 89' lang='lat' dir='ltr'>ultimas</span> <span class='ocrx_word' id='word_1_69' title='bbox 1184 2213 1225 2276; x_wconf 79' lang='lat' dir='ltr'>ta</span> 
     </span>
     <span class='ocr_line' id='line_1_17' title="bbox 366 2309 970 2395; baseline 0.002 -22"><span class='ocrx_word' id='word_1_70' title='bbox 366 2309 534 2373; x_wconf 86' lang='lat' dir='ltr'>Extendat</span> <span class='ocrx_word' id='word_1_71' title='bbox 547 2329 627 2391; x_wconf 86' lang='lat' dir='ltr'>oras,</span> <span class='ocrx_word' id='word_1_72' title='bbox 643 2330 710 2393; x_wconf 90' lang='lat' dir='ltr'>qua</span> <span class='ocrx_word' id='word_1_73' title='bbox 724 2310 851 2374; x_wconf 89' lang='lat' dir='ltr'>medius</span> <span class='ocrx_word' id='word_1_74' title='bbox 866 2311 970 2395; x_wconf 89' lang='lat' dir='ltr'>liquor</span> 
     </span>
     <span class='ocr_line' id='line_1_18' title="bbox 410 2408 878 2493; baseline 0.002 -20"><span class='ocrx_word' id='word_1_75' title='bbox 410 2409 554 2473; x_wconf 86' lang='lat' dir='ltr'>Seeemit</span> <span class='ocrx_word' id='word_1_76' title='bbox 568 2408 720 2493; x_wconf 84' lang='lat' dir='ltr'>Europen</span> <span class='ocrx_word' id='word_1_77' title='bbox 735 2411 778 2475; x_wconf 91' lang='lat' dir='ltr'>ab</span> <span class='ocrx_word' id='word_1_78' title='bbox 791 2409 878 2492; x_wconf 82' lang='lat' dir='ltr'>Afro,</span> 
     </span>
     <span class='ocr_line' id='line_1_19' title="bbox 450 2508 998 2592; baseline 0 -21"><span class='ocrx_word' id='word_1_79' title='bbox 450 2510 530 2579; x_wconf 78' lang='lat' dir='ltr'>Qua</span> <span class='ocrx_word' id='word_1_80' title='bbox 544 2508 689 2573; x_wconf 90' lang='lat' dir='ltr'>tumidus</span> <span class='ocrx_word' id='word_1_81' title='bbox 704 2510 787 2592; x_wconf 88' lang='lat' dir='ltr'>rigat</span> <span class='ocrx_word' id='word_1_82' title='bbox 800 2530 880 2573; x_wconf 90' lang='lat' dir='ltr'>arva</span> <span class='ocrx_word' id='word_1_83' title='bbox 894 2510 998 2590; x_wconf 84' lang='lat' dir='ltr'>Nilus,</span> 
     </span>
    </p>
   </div>
   <div class='ocr_carea' id='block_1_7' title="bbox 364 2712 1223 3093">
    <p class='ocr_par' dir='ltr' id='par_1_7' title="bbox 364 2712 1223 3093">
     <span class='ocr_line' id='line_1_20' title="bbox 365 2712 1053 2795; baseline -0.003 -19"><span class='ocrx_word' id='word_1_84' title='bbox 365 2712 492 2776; x_wconf 85' lang='lat' dir='ltr'>Aurum</span> <span class='ocrx_word' id='word_1_85' title='bbox 507 2712 693 2795; x_wconf 82' lang='lat' dir='ltr'>inapertum</span> <span class='ocrx_word' id='word_1_86' title='bbox 707 2722 739 2775; x_wconf 92' lang='lat' dir='ltr'>et</span> <span class='ocrx_word' id='word_1_87' title='bbox 754 2713 800 2776; x_wconf 86' lang='lat' dir='ltr'>sio</span> <span class='ocrx_word' id='word_1_88' title='bbox 814 2712 930 2776; x_wconf 82' lang='lat' dir='ltr'>melius</span> <span class='ocrx_word' id='word_1_89' title='bbox 945 2712 1053 2792; x_wconf 86' lang='lat' dir='ltr'>situm,</span> 
     </span>
     <span class='ocr_line' id='line_1_21' title="bbox 364 2810 1223 2895; baseline -0.001 -20"><span class='ocrx_word' id='word_1_90' title='bbox 364 2812 452 2875; x_wconf 83' lang='lat' dir='ltr'>Cum</span> <span class='ocrx_word' id='word_1_91' title='bbox 466 2821 549 2876; x_wconf 87' lang='lat' dir='ltr'>terra</span> <span class='ocrx_word' id='word_1_92' title='bbox 562 2812 654 2893; x_wconf 85' lang='lat' dir='ltr'>celat,</span> <span class='ocrx_word' id='word_1_93' title='bbox 671 2826 817 2895; x_wconf 89' lang='lat' dir='ltr'>spernere</span> <span class='ocrx_word' id='word_1_94' title='bbox 832 2812 946 2892; x_wconf 86' lang='lat' dir='ltr'>fortior,</span> <span class='ocrx_word' id='word_1_95' title='bbox 1181 2810 1223 2874; x_wconf 82' lang='lat'>50</span> 
     </span>
     <span class='ocr_line' id='line_1_22' title="bbox 409 2912 974 2995; baseline -0.004 -20"><span class='ocrx_word' id='word_1_96' title='bbox 409 2913 524 2982; x_wconf 82' lang='lat' dir='ltr'>Quam</span> <span class='ocrx_word' id='word_1_97' title='bbox 536 2931 649 2995; x_wconf 87' lang='lat' dir='ltr'>eogere</span> <span class='ocrx_word' id='word_1_98' title='bbox 665 2912 829 2976; x_wconf 88' lang='lat' dir='ltr'>humanos</span> <span class='ocrx_word' id='word_1_99' title='bbox 843 2912 878 2975; x_wconf 92' lang='lat' dir='ltr'>in</span> <span class='ocrx_word' id='word_1_100' title='bbox 892 2930 974 2975; x_wconf 87' lang='lat' dir='ltr'>usus</span> 
     </span>
     <span class='ocr_line' id='line_1_23' title="bbox 451 3009 1060 3093; baseline -0.005 -18"><span class='ocrx_word' id='word_1_101' title='bbox 451 3011 557 3075; x_wconf 88' lang='lat' dir='ltr'>Omne</span> <span class='ocrx_word' id='word_1_102' title='bbox 572 3030 703 3075; x_wconf 83' lang='lat' dir='ltr'>sacrum</span> <span class='ocrx_word' id='word_1_103' title='bbox 716 3011 858 3093; x_wconf 86' lang='lat' dir='ltr'>rapiente</span> <span class='ocrx_word' id='word_1_104' title='bbox 873 3009 997 3073; x_wconf 79' lang='lat' dir='ltr'>dextra</span> <span class='ocrx_word' id='word_1_105' title='bbox 1058 3014 1060 3018; x_wconf 83' lang='grc'><strong>’</strong></span> 
     </span>
    </p>
   </div>
   <div class='ocr_carea' id='block_1_8' title="bbox 365 3192 1220 3574">
    <p class='ocr_par' dir='ltr' id='par_1_8' title="bbox 365 3192 1220 3574">
     <span class='ocr_line' id='line_1_24' title="bbox 365 3192 1018 3276; baseline -0.002 -20"><span class='ocrx_word' id='word_1_106' title='bbox 365 3193 567 3276; x_wconf 77' lang='lat' dir='ltr'>Quicunque</span> <span class='ocrx_word' id='word_1_107' title='bbox 581 3192 705 3257; x_wconf 92' lang='lat' dir='ltr'>mundo</span> <span class='ocrx_word' id='word_1_108' title='bbox 720 3194 876 3257; x_wconf 88' lang='lat' dir='ltr'>terminus</span> <span class='ocrx_word' id='word_1_109' title='bbox 889 3192 1018 3272; x_wconf 68' lang='lat' dir='ltr'>obstitit,</span> 
     </span>
     <span class='ocr_line' id='line_1_25' title="bbox 366 3290 1067 3375; baseline -0.003 -20"><span class='ocrx_word' id='word_1_110' title='bbox 366 3292 464 3355; x_wconf 88' lang='lat' dir='ltr'>Hune</span> <span class='ocrx_word' id='word_1_111' title='bbox 479 3301 592 3374; x_wconf 86' lang='lat' dir='ltr'>tangat</span> <span class='ocrx_word' id='word_1_112' title='bbox 606 3292 713 3373; x_wconf 88' lang='lat' dir='ltr'>armis,</span> <span class='ocrx_word' id='word_1_113' title='bbox 727 3292 830 3355; x_wconf 87' lang='lat' dir='ltr'>visere</span> <span class='ocrx_word' id='word_1_114' title='bbox 845 3292 985 3375; x_wconf 85' lang='lat' dir='ltr'>gestiens</span> <span class='ocrx_word' id='word_1_115' title='bbox 1063 3290 1067 3295; x_wconf 83' lang='grc'><strong>’</strong></span> 
     </span>
     <span class='ocr_line' id='line_1_26' title="bbox 406 3387 1220 3476; baseline -0.002 -21"><span class='ocrx_word' id='word_1_116' title='bbox 406 3392 486 3461; x_wconf 79' lang='lat' dir='ltr'>Qua</span> <span class='ocrx_word' id='word_1_117' title='bbox 501 3400 589 3473; x_wconf 89' lang='lat' dir='ltr'>parte</span> <span class='ocrx_word' id='word_1_118' title='bbox 603 3387 843 3455; x_wconf 87' lang='lat' dir='ltr'>debacchentur</span> <span class='ocrx_word' id='word_1_119' title='bbox 856 3391 956 3476; x_wconf 85' lang='lat' dir='ltr'>ignes,</span> <span class='ocrx_word' id='word_1_120' title='bbox 1060 3449 1061 3452; x_wconf 74' lang='grc'>,</span> <span class='ocrx_word' id='word_1_121' title='bbox 1181 3391 1220 3454; x_wconf 80' lang='grc'>55</span> 
     </span>
     <span class='ocr_line' id='line_1_27' title="bbox 449 3488 971 3574; baseline -0.004 -21"><span class='ocrx_word' id='word_1_122' title='bbox 449 3491 530 3560; x_wconf 80' lang='lat' dir='ltr'>Qua</span> <span class='ocrx_word' id='word_1_123' title='bbox 544 3488 683 3553; x_wconf 89' lang='lat' dir='ltr'>nebulae</span> <span class='ocrx_word' id='word_1_124' title='bbox 698 3489 863 3574; x_wconf 78' lang='lat' dir='ltr'>pluviique</span> <span class='ocrx_word' id='word_1_125' title='bbox 878 3510 971 3553; x_wconf 87' lang='lat' dir='ltr'>rores.</span> 
     </span>
    </p>
   </div>
   <div class='ocr_carea' id='block_1_9' title="bbox 294 3672 1131 3819">
    <p class='ocr_par' dir='ltr' id='par_1_9' title="bbox 294 3672 1131 3819">
     <span class='ocr_line' id='line_1_28' title="bbox 294 3672 1131 3732; baseline 0 -9"><span class='ocrx_word' id='word_1_126' title='bbox 294 3674 335 3724; x_wconf 68' lang='lat'>&#39;³2</span> <span class='ocrx_word' id='word_1_127' title='bbox 353 3674 438 3725; x_wconf 80' lang='lat' dir='ltr'>Troia.</span> <span class='ocrx_word' id='word_1_128' title='bbox 569 3676 610 3725; x_wconf 85' lang='lat'>³4.</span> <span class='ocrx_word' id='word_1_129' title='bbox 628 3675 727 3725; x_wconf 80' lang='lat' dir='ltr'>discere.</span> <span class='ocrx_word' id='word_1_130' title='bbox 858 3675 898 3725; x_wconf 82' lang='lat'>³5.</span> <span class='ocrx_word' id='word_1_131' title='bbox 917 3673 1003 3732; x_wconf 84' lang='lat' dir='ltr'>Sneos,</span> <span class='ocrx_word' id='word_1_132' title='bbox 1015 3672 1131 3723; x_wconf 76' lang='lat' dir='ltr'>Orellrns.</span> 
     </span>
     <span class='ocr_line' id='line_1_29' title="bbox 579 3756 857 3819; baseline -0.011 -14"><span class='ocrx_word' id='word_1_133' title='bbox 579 3757 618 3807; x_wconf 73' lang='lat'>⁵4.</span> <span class='ocrx_word' id='word_1_134' title='bbox 635 3765 728 3819; x_wconf 77' lang='lat' dir='ltr'>tanget,</span> <span class='ocrx_word' id='word_1_135' title='bbox 741 3756 857 3806; x_wconf 67' lang='lat' dir='ltr'>Orollt&#39;u.</span> 
     </span>
    </p>
   </div>
   <div class='ocr_carea' id='block_1_10' title="bbox 0 0 1376 4250">
    <p class='ocr_par' dir='ltr' id='par_1_10' title="bbox 0 0 1376 4250">
     <span class='ocr_line' id='line_1_30' title="bbox 0 0 1376 4250; baseline 0 0"><span class='ocrx_word' id='word_1_136' title='bbox 0 0 1376 4250; x_wconf 95' lang='lat' dir='ltr'> </span> 
     </span>
    </p>
   </div>
  </div>
 </body>
</html>
