2742 4250
460 265 510 313 on
534 261 631 314 narn
656 263 819 316 mance.
1062 249 1138 325 307,

103 421 248 504 Oppida
263 420 376 503 moliri,
393 421 480 503 leges
494 422 634 486 incidere
649 423 756 506 ligno:
832 493 835 498 ,

101 522 166 584 Sic
184 523 290 586 honor
304 532 336 584 et
350 541 469 584 nornen
484 521 603 585 divinis
618 525 748 586 vatibus
762 533 860 605 atque
1003 536 1006 542 '
1073 524 1136 586 400

102 621 326 684 Carminibus
341 621 438 683 venit.
483 621 560 683 Post
575 622 633 685 hos
648 622 784 703 insignis
798 623 961 685 Homerus

103 721 349 804 Tyrtaeusque
363 739 470 782 mares
485 720 611 783 animos
626 720 660 782 in
675 720 793 783 Martia
808 721 893 783 bella

105 820 272 882 Versibus
286 819 418 882 exacuit
430 816 448 881 ε’
461 817 565 881 dictae
580 838 635 900 per
649 819 795 881 carmina
809 830 918 905 sortes,

107 919 157 980 Et
174 918 266 980 vitae
281 927 458 980 monstrata
475 917 527 980 via
541 928 597 996 est,
613 927 644 979 et
659 917 762 999 gratia
775 938 889 1000 regum

107 1017 230 1080 Pieriis
246 1025 368 1078 tentata
382 1015 495 1096 modis,
512 1015 673 1096 ludusque
688 1028 837 1097 repertus,
1076 1018 1135 1080 400

106 1116 157 1178 Et
174 1116 348 1197 longorum
363 1134 497 1198 operum
512 1114 606 1178 finis:
628 1114 765 1178 neforto
779 1115 891 1198 pudori

106 1217 162 1279 Sit
179 1216 239 1278 tibi
254 1215 352 1278 Musa
368 1215 457 1297 lyrae
472 1214 581 1277 sollers
596 1225 628 1278 et
641 1224 754 1278 cantor
767 1215 890 1297 Apollo.

110 1314 244 1381 Natura
270 1311 361 1377 lieret
381 1311 544 1376 laudabile
558 1334 698 1394 cannen,
713 1334 757 1377 an
772 1328 847 1394 arte,

107 1415 315 1482 Quaesitum
329 1423 387 1475 est.
432 1411 504 1494 Ego
518 1430 577 1474 nec
594 1413 740 1475 studium
754 1413 824 1476 sine
837 1413 937 1476 divite
953 1434 1045 1496 vena,

113 1512 147 1575 N
149 1533 189 1575 ec
204 1511 285 1575 rude
299 1511 378 1592 quid
393 1513 492 1593 possit
505 1510 600 1574 video
615 1513 802 1593 ingenium:
824 1514 957 1578 alterius
971 1516 1018 1578 sic
1070 1515 1134 1579 410

113 1613 227 1674 Altera
241 1612 342 1693 poscit
355 1630 449 1693 opem
464 1615 522 1690 res,
537 1621 569 1673 et
583 1613 728 1695 conjurat
743 1612 855 1677 amice.

111 1711 188 1782 uui
202 1710 310 1773 studet
323 1722 467 1792 optatam
481 1730 579 1774 cursu
594 1712 777 1793 contingere
792 1723 922 1793 metam,

113 1810 224 1876 Multa
240 1810 314 1873 tulit
328 1810 466 1891 fecitque
481 1830 577 1892 puer3
601 1811 733 1874 sudavit
747 1822 779 1873 et
793 1812 876 1891 alsit,

113 1910 283 1974 Abstinuit
296 1928 413 1972 venere
426 1920 459 1973 et
473 1910 559 1972 vino.
602 1910 672 1980 uui
689 1911 809 1993 Pythia
822 1922 932 1974 cantat

113 2010 265 2088 Tibicen,
281 2008 393 2071 didicit
406 2009 504 2091 prius,
519 2009 733 2092 extimuitque
748 2011 949 2092 magistrum.
1071 2013 1133 2076 415

117 2110 187 2174 Nec
202 2108 280 2171 satis
294 2118 342 2171 est
356 2107 496 2172 dixisse:
520 2108 592 2191 Ego
607 2109 689 2173 mira
703 2120 854 2193 poemata
867 2130 982 2193 pango,

115 2210 264 2290 Occupet
277 2218 459 2271 extremum
475 2208 617 2291 scabies;
641 2209 722 2271 mihi
737 2220 827 2292 turpe
842 2209 979 2291 relinqui
994 2223 1051 2290 est,

119 2309 169 2387 Et,
185 2306 272 2388 quod
288 2327 353 2369 non
368 2306 474 2387 didici,
491 2325 569 2369 saue
584 2308 705 2371 nescire
720 2309 820 2373 fateri.

118 2408 160 2471 Ut
175 2425 297 2488 praeco,
313 2405 355 2469 ad
371 2425 492 2468 merces
508 2407 636 2469 turbam
651 2407 708 2488 qui
722 2408 807 2490 cogit
821 2409 983 2489 emendas,

117 2508 338 2570 Assentatores
347 2506 440 2588 jubet
454 2504 497 2567 ad
512 2506 640 2569 lucrum
654 2506 699 2568 ire
713 2518 808 2588 poeta
1071 2510 1133 2573 420

118 2606 218 2668 Dives
233 2604 325 2686 agris,
341 2605 433 2667 dives
447 2604 558 2687 positis
572 2605 607 2668 in
622 2606 749 2669 foenore
764 2608 916 2670 nummis.

117 2705 154 2767 Si
168 2723 242 2765 vero
256 2713 313 2783 cst,
329 2713 466 2766 unctum
481 2704 538 2785 qui
552 2714 635 2767 recte
650 2724 766 2786 ponere
782 2723 888 2788 possit,

120 2803 162 2865 Et
176 2801 329 2884 spondere
344 2801 409 2865 levi
423 2822 480 2884 pro
494 2821 641 2885 paupere,
657 2813 691 2865 et
704 2803 822 2884 eripere
838 2804 914 2866 atris

120 2902 242 2965 Litibus
257 2902 470 2985 implicitum;
493 2902 638 2981 mirabor,
654 2901 683 2963 si
697 2902 776 2964 sciet
788 2902 882 2963 inter-

119 3002 254 3064 Noscere
269 3000 462 3064 mendacem
477 3021 652 3083 verumque
668 3003 783 3065 beatus
797 3001 948 3064 amicum.
1069 3006 1131 3069 425

118 3100 181 3179 Tu,
197 3120 255 3163 seu
269 3100 398 3163 donaris
414 3119 473 3163 scu
487 3100 567 3180 quid
581 3101 700 3163 donare
716 3102 804 3165 voles
818 3101 880 3180 cui,

120 3199 223 3263 Nolito
237 3199 281 3262 ad
297 3220 407 3263 versus
423 3199 480 3263 tibi
494 3181 596 3263 iactos
610 3199 727 3263 ducere
741 3201 876 3283 plenum

121 3298 291 3381 Laetitiae3
315 3299 470 3363 clamabit
483 3298 589 3362 enim:
612 3300 770 3364 Pulchre!
814 3302 921 3365 Bene!
969 3303 1083 3367 Recte!

121 3399 274 3463 Pallescet
288 3418 383 3481 super
398 3398 457 3479 his,
474 3399 572 3461 etiam
586 3398 719 3463 stillabit
734 3401 846 3464 amicis

122 3499 169 3563 [lx
182 3498 285 3563 oculis
299 3519 411 3578 rorem,
427 3498 526 3577 saliet,
544 3497 658 3561 tundet
672 3499 753 3582 pede
768 3511 892 3565 terram.
974 3538 981 3549 ·
1011 3510 1014 3516 ’
1068 3500 1128 3563 titt·

540 3727 598 3777 410.
616 3730 696 3790 prosit.
