<?xml version="1.0" encoding="UTF-8"?>
<!DOCTYPE html PUBLIC "-//W3C//DTD XHTML 1.0 Transitional//EN"
    "http://www.w3.org/TR/xhtml1/DTD/xhtml1-transitional.dtd">
<html xmlns="http://www.w3.org/1999/xhtml" xml:lang="en" lang="en">
 <head>
  <title>
</title>
<meta http-equiv="Content-Type" content="text/html;charset=utf-8" />
  <meta name='ocr-system' content='tesseract 3.04.00' />
  <meta name='ocr-capabilities' content='ocr_page ocr_carea ocr_par ocr_line ocrx_word'/>
</head>
<body>
  <div class='ocr_page' id='page_1' title='image "./workshoracewith01lincgoog_0126.png"; bbox 0 0 2742 4250; ppageno 0'>
   <div class='ocr_carea' id='block_1_1' title="bbox 503 265 813 317">
    <p class='ocr_par' dir='ltr' id='par_1_1' title="bbox 503 265 813 317">
     <span class='ocr_line' id='line_1_1' title="bbox 503 265 813 317; baseline -0.016 2"><span class='ocrx_word' id='word_1_1' title='bbox 503 300 510 310; x_wconf 79' lang='lat'>=</span> <span class='ocrx_word' id='word_1_2' title='bbox 615 265 813 317; x_wconf 70' lang='lat' dir='ltr'><strong>cauumuu</strong></span> 
     </span>
    </p>
   </div>
   <div class='ocr_carea' id='block_1_2' title="bbox 440 420 979 602">
    <p class='ocr_par' dir='ltr' id='par_1_2' title="bbox 440 420 979 602">
     <span class='ocr_line' id='line_1_2' title="bbox 440 420 979 501; baseline -0.002 -17"><span class='ocrx_word' id='word_1_3' title='bbox 440 421 615 501; x_wconf 88' lang='lat' dir='ltr'><strong>Portasque</strong></span> <span class='ocrx_word' id='word_1_4' title='bbox 631 440 694 483; x_wconf 88' lang='lat' dir='ltr'><strong>non</strong></span> <span class='ocrx_word' id='word_1_5' title='bbox 710 420 842 483; x_wconf 89' lang='lat' dir='ltr'><strong>clausas</strong></span> <span class='ocrx_word' id='word_1_6' title='bbox 855 429 887 482; x_wconf 91' lang='lat' dir='ltr'><strong>et</strong></span> <span class='ocrx_word' id='word_1_7' title='bbox 901 440 979 483; x_wconf 85' lang='lat' dir='ltr'><strong>arva</strong></span> 
     </span>
     <span class='ocr_line' id='line_1_3' title="bbox 483 519 965 602; baseline 0.004 -21"><span class='ocrx_word' id='word_1_8' title='bbox 483 520 586 582; x_wconf 86' lang='lat' dir='ltr'><strong>Marte</strong></span> <span class='ocrx_word' id='word_1_9' title='bbox 600 520 661 583; x_wconf 89' lang='lat' dir='ltr'><strong>coli</strong></span> <span class='ocrx_word' id='word_1_10' title='bbox 677 519 832 602; x_wconf 86' lang='lat' dir='ltr'><strong>populata</strong></span> <span class='ocrx_word' id='word_1_11' title='bbox 845 529 965 583; x_wconf 88' lang='lat' dir='ltr'><strong>nostro.</strong></span> 
     </span>
    </p>
   </div>
   <div class='ocr_carea' id='block_1_3' title="bbox 398 716 1042 1095">
    <p class='ocr_par' dir='ltr' id='par_1_3' title="bbox 398 716 1042 1095">
     <span class='ocr_line' id='line_1_4' title="bbox 398 716 908 800; baseline -0.008 -17"><span class='ocrx_word' id='word_1_12' title='bbox 398 718 488 783; x_wconf 82' lang='lat' dir='ltr'><strong>Auro</strong></span> <span class='ocrx_word' id='word_1_13' title='bbox 502 717 793 800; x_wconf 85' lang='lat' dir='ltr'><strong>repensusscilicet</strong></span> <span class='ocrx_word' id='word_1_14' title='bbox 806 716 908 781; x_wconf 89' lang='lat' dir='ltr'><strong>acrior</strong></span> 
     </span>
     <span class='ocr_line' id='line_1_5' title="bbox 398 815 961 899; baseline -0.007 -18"><span class='ocrx_word' id='word_1_15' title='bbox 398 816 493 881; x_wconf 85' lang='lat' dir='ltr'><strong>Miles</strong></span> <span class='ocrx_word' id='word_1_16' title='bbox 508 815 641 880; x_wconf 86' lang='lat' dir='ltr'>redibit!</span> <span class='ocrx_word' id='word_1_17' title='bbox 685 816 827 899; x_wconf 85' lang='lat' dir='ltr'><strong>Flagitio</strong></span> <span class='ocrx_word' id='word_1_18' title='bbox 841 815 961 879; x_wconf 89' lang='lat' dir='ltr'><strong>additis</strong></span> 
     </span>
     <span class='ocr_line' id='line_1_6' title="bbox 442 914 1042 999; baseline -0.003 -18"><span class='ocrx_word' id='word_1_19' title='bbox 442 916 632 981; x_wconf 84' lang='lat' dir='ltr'>Damnum:</span> <span class='ocrx_word' id='word_1_20' title='bbox 652 935 758 999; x_wconf 88' lang='lat' dir='ltr'><strong>neque</strong></span> <span class='ocrx_word' id='word_1_21' title='bbox 773 915 909 981; x_wconf 87' lang='lat' dir='ltr'><strong>amissos</strong></span> <span class='ocrx_word' id='word_1_22' title='bbox 922 914 1042 979; x_wconf 84' lang='lat' dir='ltr'><strong>colores</strong></span> 
     </span>
     <span class='ocr_line' id='line_1_7' title="bbox 481 1014 963 1095; baseline 0 -16"><span class='ocrx_word' id='word_1_23' title='bbox 481 1015 576 1081; x_wconf 84' lang='lat' dir='ltr'><strong>Lana</strong></span> <span class='ocrx_word' id='word_1_24' title='bbox 591 1014 688 1083; x_wconf 82' lang='lat' dir='ltr'><strong>refert</strong></span> <span class='ocrx_word' id='word_1_25' title='bbox 701 1015 863 1080; x_wconf 84' lang='lat' dir='ltr'><strong>medicata</strong></span> <span class='ocrx_word' id='word_1_26' title='bbox 877 1014 963 1095; x_wconf 84' lang='lat' dir='ltr'><strong>mco,</strong></span> 
     </span>
    </p>
   </div>
   <div class='ocr_carea' id='block_1_4' title="bbox 399 1212 1036 1595">
    <p class='ocr_par' dir='ltr' id='par_1_4' title="bbox 399 1212 1036 1595">
     <span class='ocr_line' id='line_1_8' title="bbox 399 1212 1036 1294; baseline -0.003 -16"><span class='ocrx_word' id='word_1_27' title='bbox 399 1213 469 1278; x_wconf 87' lang='lat' dir='ltr'><strong>Nec</strong></span> <span class='ocrx_word' id='word_1_28' title='bbox 483 1234 560 1277; x_wconf 89' lang='lat' dir='ltr'><strong>vera</strong></span> <span class='ocrx_word' id='word_1_29' title='bbox 574 1214 685 1294; x_wconf 77' lang='lat' dir='ltr'><strong>virtue,</strong></span> <span class='ocrx_word' id='word_1_30' title='bbox 700 1234 778 1278; x_wconf 86' lang='lat' dir='ltr'><strong>eum</strong></span> <span class='ocrx_word' id='word_1_31' title='bbox 792 1215 893 1277; x_wconf 90' lang='lat' dir='ltr'><strong>semel</strong></span> <span class='ocrx_word' id='word_1_32' title='bbox 907 1212 1036 1287; x_wconf 79' lang='lat' dir='ltr'><strong>excidit,</strong></span> 
     </span>
     <span class='ocr_line' id='line_1_9' title="bbox 401 1313 858 1397; baseline -0.004 -20"><span class='ocrx_word' id='word_1_33' title='bbox 401 1313 504 1377; x_wconf 80' lang='lat' dir='ltr'><strong>Curat</strong></span> <span class='ocrx_word' id='word_1_34' title='bbox 517 1314 627 1397; x_wconf 91' lang='lat' dir='ltr'><strong>reponi</strong></span> <span class='ocrx_word' id='word_1_35' title='bbox 640 1313 858 1377; x_wconf 87' lang='lat' dir='ltr'><strong>deterioribus.</strong></span> 
     </span>
     <span class='ocr_line' id='line_1_10' title="bbox 443 1411 910 1495; baseline -0.002 -20"><span class='ocrx_word' id='word_1_36' title='bbox 443 1412 479 1475; x_wconf 87' lang='lat' dir='ltr'><strong>Si</strong></span> <span class='ocrx_word' id='word_1_37' title='bbox 493 1422 617 1495; x_wconf 84' lang='lat' dir='ltr'>pugnat</span> <span class='ocrx_word' id='word_1_38' title='bbox 631 1413 788 1476; x_wconf 85' lang='lat' dir='ltr'><strong>extricata</strong></span> <span class='ocrx_word' id='word_1_39' title='bbox 800 1411 910 1476; x_wconf 87' lang='lat' dir='ltr'><strong>densis</strong></span> 
     </span>
     <span class='ocr_line' id='line_1_11' title="bbox 485 1510 974 1595; baseline -0.004 -20"><span class='ocrx_word' id='word_1_40' title='bbox 485 1512 591 1576; x_wconf 85' lang='lat' dir='ltr'><strong>Cerva</strong></span> <span class='ocrx_word' id='word_1_41' title='bbox 604 1512 718 1595; x_wconf 74' lang='lat' dir='ltr'><strong>plagio,</strong></span> <span class='ocrx_word' id='word_1_42' title='bbox 733 1511 793 1575; x_wconf 90' lang='lat' dir='ltr'><strong>erit</strong></span> <span class='ocrx_word' id='word_1_43' title='bbox 806 1511 860 1575; x_wconf 90' lang='lat' dir='ltr'><strong>ille</strong></span> <span class='ocrx_word' id='word_1_44' title='bbox 875 1510 974 1589; x_wconf 76' lang='lat' dir='ltr'><strong>tortis,</strong></span> 
     </span>
    </p>
   </div>
   <div class='ocr_carea' id='block_1_5' title="bbox 401 1698 1037 2091">
    <p class='ocr_par' dir='ltr' id='par_1_5' title="bbox 401 1698 1037 2091">
     <span class='ocr_line' id='line_1_12' title="bbox 401 1698 984 1792; baseline -0.015 -12"><span class='ocrx_word' id='word_1_45' title='bbox 401 1710 471 1780; x_wconf 78' lang='lat' dir='ltr'><strong>Qui</strong></span> <span class='ocrx_word' id='word_1_46' title='bbox 486 1709 615 1792; x_wconf 89' lang='lat' dir='ltr'><strong>perfidis</strong></span> <span class='ocrx_word' id='word_1_47' title='bbox 631 1730 665 1773; x_wconf 90' lang='lat' dir='ltr'><strong>se</strong></span> <span class='ocrx_word' id='word_1_48' title='bbox 679 1710 815 1775; x_wconf 88' lang='lat' dir='ltr'><strong>credidit</strong></span> <span class='ocrx_word' id='word_1_49' title='bbox 829 1698 984 1788; x_wconf 83' lang='lat' dir='ltr'><strong>hostibus,</strong></span> 
     </span>
     <span class='ocr_line' id='line_1_13' title="bbox 401 1809 975 1893; baseline -0.005 -20"><span class='ocrx_word' id='word_1_50' title='bbox 401 1809 446 1873; x_wconf 89' lang='lat' dir='ltr'><strong>Et</strong></span> <span class='ocrx_word' id='word_1_51' title='bbox 460 1810 563 1873; x_wconf 87' lang='lat' dir='ltr'><strong>Marte</strong></span> <span class='ocrx_word' id='word_1_52' title='bbox 578 1810 703 1873; x_wconf 88' lang='lat' dir='ltr'><strong>Poenos</strong></span> <span class='ocrx_word' id='word_1_53' title='bbox 718 1820 853 1893; x_wconf 89' lang='lat' dir='ltr'><strong>proteret</strong></span> <span class='ocrx_word' id='word_1_54' title='bbox 866 1809 975 1884; x_wconf 82' lang='lat' dir='ltr'><strong>altere,</strong></span> 
     </span>
     <span class='ocr_line' id='line_1_14' title="bbox 443 1908 901 1980; baseline -0.004 -8"><span class='ocrx_word' id='word_1_55' title='bbox 443 1910 513 1980; x_wconf 78' lang='lat' dir='ltr'><strong>Qui</strong></span> <span class='ocrx_word' id='word_1_56' title='bbox 528 1909 595 1973; x_wconf 87' lang='lat' dir='ltr'><strong>lora</strong></span> <span class='ocrx_word' id='word_1_57' title='bbox 610 1910 761 1973; x_wconf 81' lang='lat' dir='ltr'><strong>restrictis</strong></span> <span class='ocrx_word' id='word_1_58' title='bbox 776 1908 901 1971; x_wconf 87' lang='lat' dir='ltr'><strong>lacertis</strong></span> 
     </span>
     <span class='ocr_line' id='line_1_15' title="bbox 486 2009 1037 2091; baseline -0.004 -18"><span class='ocrx_word' id='word_1_59' title='bbox 486 2009 594 2073; x_wconf 82' lang='lat' dir='ltr'>Sensit</span> <span class='ocrx_word' id='word_1_60' title='bbox 609 2010 694 2073; x_wconf 87' lang='lat' dir='ltr'><strong>iners</strong></span> <span class='ocrx_word' id='word_1_61' title='bbox 709 2009 880 2091; x_wconf 70' lang='lat' dir='ltr'><strong>timuitque</strong></span> <span class='ocrx_word' id='word_1_62' title='bbox 894 2018 1037 2071; x_wconf 84' lang='lat' dir='ltr'><strong>mortem</strong></span> 
     </span>
    </p>
   </div>
   <div class='ocr_carea' id='block_1_6' title="bbox 401 2222 1011 2584">
    <p class='ocr_par' dir='ltr' id='par_1_6' title="bbox 401 2222 1011 2504">
     <span class='ocr_line' id='line_1_16' title="bbox 403 2222 1003 2302; baseline 0 -16"><span class='ocrx_word' id='word_1_63' title='bbox 403 2223 474 2302; x_wconf 89' lang='lat' dir='ltr'><strong>Hic,</strong></span> <span class='ocrx_word' id='word_1_64' title='bbox 491 2222 577 2286; x_wconf 88' lang='lat' dir='ltr'><strong>uude</strong></span> <span class='ocrx_word' id='word_1_65' title='bbox 593 2223 695 2286; x_wconf 88' lang='lat' dir='ltr'><strong>vitam</strong></span> <span class='ocrx_word' id='word_1_66' title='bbox 709 2234 857 2302; x_wconf 80' lang='lat' dir='ltr'>sumeret,</span> <span class='ocrx_word' id='word_1_67' title='bbox 873 2223 1003 2302; x_wconf 90' lang='lat' dir='ltr'><strong>inscius,</strong></span> 
     </span>
     <span class='ocr_line' id='line_1_17' title="bbox 401 2322 1011 2404; baseline 0 -20"><span class='ocrx_word' id='word_1_68' title='bbox 401 2323 521 2384; x_wconf 82' lang='lat' dir='ltr'><strong>Pacem</strong></span> <span class='ocrx_word' id='word_1_69' title='bbox 535 2322 646 2386; x_wconf 89' lang='lat' dir='ltr'><strong>duello</strong></span> <span class='ocrx_word' id='word_1_70' title='bbox 661 2324 800 2386; x_wconf 85' lang='lat' dir='ltr'><strong>miscuit.</strong></span> <span class='ocrx_word' id='word_1_71' title='bbox 845 2323 875 2386; x_wconf 93' lang='grc' dir='ltr'>Ο</span> <span class='ocrx_word' id='word_1_72' title='bbox 891 2322 1011 2404; x_wconf 90' lang='lat' dir='ltr'><strong>pudor!</strong></span> 
     </span>
     <span class='ocr_line' id='line_1_18' title="bbox 445 2421 969 2504; baseline -0.002 -20"><span class='ocrx_word' id='word_1_73' title='bbox 445 2421 474 2484; x_wconf 92' lang='grc' dir='ltr'><strong>Ο</strong></span> <span class='ocrx_word' id='word_1_74' title='bbox 490 2441 610 2504; x_wconf 86' lang='lat' dir='ltr'><strong>magua</strong></span> <span class='ocrx_word' id='word_1_75' title='bbox 625 2423 796 2504; x_wconf 85' lang='lat' dir='ltr'><strong>Carthago,</strong></span> <span class='ocrx_word' id='word_1_76' title='bbox 811 2421 969 2504; x_wconf 86' lang='lat' dir='ltr'><strong>probrosis</strong></span> 
     </span>
    </p>

    <p class='ocr_par' dir='ltr' id='par_1_7' title="bbox 488 2521 850 2584">
     <span class='ocr_line' id='line_1_19' title="bbox 488 2521 850 2584; baseline 0.006 -2"><span class='ocrx_word' id='word_1_77' title='bbox 488 2521 589 2583; x_wconf 82' lang='lat' dir='ltr'><strong>Altior</strong></span> <span class='ocrx_word' id='word_1_78' title='bbox 603 2521 716 2584; x_wconf 87' lang='lat' dir='ltr'><strong>ltaliae</strong></span> <span class='ocrx_word' id='word_1_79' title='bbox 731 2521 850 2584; x_wconf 90' lang='lat' dir='ltr'><strong>ruinis!</strong></span> 
     </span>
    </p>
   </div>
   <div class='ocr_carea' id='block_1_7' title="bbox 403 2733 1135 3114">
    <p class='ocr_par' dir='ltr' id='par_1_8' title="bbox 404 2733 1005 2818">
     <span class='ocr_line' id='line_1_20' title="bbox 404 2733 1005 2818; baseline 0 -22"><span class='ocrx_word' id='word_1_80' title='bbox 404 2735 519 2798; x_wconf 78' lang='lat' dir='ltr'><strong>Fertur</strong></span> <span class='ocrx_word' id='word_1_81' title='bbox 533 2735 671 2817; x_wconf 89' lang='lat' dir='ltr'><strong>pudicae</strong></span> <span class='ocrx_word' id='word_1_82' title='bbox 686 2734 831 2818; x_wconf 86' lang='lat' dir='ltr'><strong>conjugis</strong></span> <span class='ocrx_word' id='word_1_83' title='bbox 845 2733 1005 2812; x_wconf 87' lang='lat' dir='ltr'><strong>osculum,</strong></span> 
     </span>
    </p>

    <p class='ocr_par' dir='ltr' id='par_1_9' title="bbox 403 2833 1135 3012">
     <span class='ocr_line' id='line_1_21' title="bbox 403 2833 1135 2915; baseline -0.004 -19"><span class='ocrx_word' id='word_1_84' title='bbox 403 2833 587 2915; x_wconf 84' lang='lat' dir='ltr'><strong>Parvosque</strong></span> <span class='ocrx_word' id='word_1_85' title='bbox 603 2843 704 2913; x_wconf 82' lang='lat' dir='ltr'><strong>natos,</strong></span> <span class='ocrx_word' id='word_1_86' title='bbox 720 2843 757 2896; x_wconf 90' lang='lat' dir='ltr'><strong>ut</strong></span> <span class='ocrx_word' id='word_1_87' title='bbox 771 2833 885 2914; x_wconf 89' lang='lat' dir='ltr'><strong>capitis</strong></span> <span class='ocrx_word' id='word_1_88' title='bbox 899 2833 1011 2911; x_wconf 86' lang='lat' dir='ltr'><strong>minor,</strong></span> <span class='ocrx_word' id='word_1_89' title='bbox 1130 2847 1135 2855; x_wconf 84' lang='grc'><strong><em>’</em></strong></span> 
     </span>
     <span class='ocr_line' id='line_1_22' title="bbox 445 2931 931 3012; baseline -0.002 -17"><span class='ocrx_word' id='word_1_90' title='bbox 445 2932 497 2995; x_wconf 88' lang='lat' dir='ltr'><strong>Ab</strong></span> <span class='ocrx_word' id='word_1_91' title='bbox 512 2951 546 2994; x_wconf 89' lang='lat' dir='ltr'><strong>se</strong></span> <span class='ocrx_word' id='word_1_92' title='bbox 560 2933 743 3012; x_wconf 83' lang='lat' dir='ltr'><strong>removisse,</strong></span> <span class='ocrx_word' id='word_1_93' title='bbox 758 2941 791 2995; x_wconf 90' lang='lat' dir='ltr'><strong>et</strong></span> <span class='ocrx_word' id='word_1_94' title='bbox 805 2931 931 2994; x_wconf 89' lang='lat' dir='ltr'><strong>virilem</strong></span> 
     </span>
    </p>

    <p class='ocr_par' dir='ltr' id='par_1_10' title="bbox 488 3030 1049 3114">
     <span class='ocr_line' id='line_1_23' title="bbox 488 3030 1049 3114; baseline -0.002 -20"><span class='ocrx_word' id='word_1_95' title='bbox 488 3031 618 3094; x_wconf 85' lang='lat' dir='ltr'><strong>Torvus</strong></span> <span class='ocrx_word' id='word_1_96' title='bbox 633 3032 726 3096; x_wconf 90' lang='lat' dir='ltr'><strong>humi</strong></span> <span class='ocrx_word' id='word_1_97' title='bbox 741 3031 886 3114; x_wconf 88' lang='lat' dir='ltr'><strong>posuisse</strong></span> <span class='ocrx_word' id='word_1_98' title='bbox 901 3030 1049 3094; x_wconf 86' lang='lat' dir='ltr'><strong>vultum:</strong></span> 
     </span>
    </p>
   </div>
   <div class='ocr_carea' id='block_1_8' title="bbox 406 3243 1068 3524">
    <p class='ocr_par' dir='ltr' id='par_1_11' title="bbox 406 3243 1068 3524">
     <span class='ocr_line' id='line_1_24' title="bbox 406 3243 954 3308; baseline 0.004 -2"><span class='ocrx_word' id='word_1_99' title='bbox 406 3243 518 3307; x_wconf 82' lang='lat' dir='ltr'><strong>&#39;Donec</strong></span> <span class='ocrx_word' id='word_1_100' title='bbox 534 3244 680 3307; x_wconf 87' lang='lat' dir='ltr'><strong>labantes</strong></span> <span class='ocrx_word' id='word_1_101' title='bbox 695 3244 828 3307; x_wconf 90' lang='lat' dir='ltr'><strong>consilio</strong></span> <span class='ocrx_word' id='word_1_102' title='bbox 842 3243 954 3308; x_wconf 85' lang='lat' dir='ltr'><strong>Patres</strong></span> 
     </span>
     <span class='ocr_line' id='line_1_25' title="bbox 406 3342 1068 3426; baseline 0.002 -22"><span class='ocrx_word' id='word_1_103' title='bbox 406 3342 563 3405; x_wconf 82' lang='lat' dir='ltr'><strong>Firmaret</strong></span> <span class='ocrx_word' id='word_1_104' title='bbox 577 3353 689 3405; x_wconf 86' lang='lat' dir='ltr'><strong>auctor</strong></span> <span class='ocrx_word' id='word_1_105' title='bbox 703 3363 874 3426; x_wconf 89' lang='lat' dir='ltr'><strong>nunquam</strong></span> <span class='ocrx_word' id='word_1_106' title='bbox 888 3344 971 3406; x_wconf 88' lang='lat' dir='ltr'><strong>alias</strong></span> <span class='ocrx_word' id='word_1_107' title='bbox 985 3342 1068 3423; x_wconf 86' lang='lat' dir='ltr'><strong>dato,</strong></span> 
     </span>
     <span class='ocr_line' id='line_1_26' title="bbox 446 3441 927 3524; baseline 0.004 -20"><span class='ocrx_word' id='word_1_108' title='bbox 446 3441 597 3524; x_wconf 85' lang='lat' dir='ltr'><strong>Interque</strong></span> <span class='ocrx_word' id='word_1_109' title='bbox 612 3454 790 3506; x_wconf 86' lang='lat' dir='ltr'><strong>moerentes</strong></span> <span class='ocrx_word' id='word_1_110' title='bbox 804 3443 927 3506; x_wconf 85' lang='lat' dir='ltr'><strong>amicos</strong></span> 
     </span>
    </p>
   </div>
   <div class='ocr_carea' id='block_1_9' title="bbox 488 3541 958 3626">
    <p class='ocr_par' dir='ltr' id='par_1_12' title="bbox 488 3541 958 3626">
     <span class='ocr_line' id='line_1_27' title="bbox 488 3541 958 3626; baseline 0.004 -22"><span class='ocrx_word' id='word_1_111' title='bbox 488 3541 647 3626; x_wconf 82' lang='lat' dir='ltr'><strong>Egregius</strong></span> <span class='ocrx_word' id='word_1_112' title='bbox 662 3553 841 3626; x_wconf 83' lang='lat' dir='ltr'><strong>properaret</strong></span> <span class='ocrx_word' id='word_1_113' title='bbox 855 3542 958 3606; x_wconf 84' lang='lat' dir='ltr'><strong>exsul.</strong></span> 
     </span>
    </p>
   </div>
   <div class='ocr_carea' id='block_1_10' title="bbox 647 3744 802 3793">
    <p class='ocr_par' dir='ltr' id='par_1_13' title="bbox 647 3744 802 3793">
     <span class='ocr_line' id='line_1_28' title="bbox 647 3744 802 3793; baseline 0 -1"><span class='ocrx_word' id='word_1_114' title='bbox 647 3744 688 3792; x_wconf 74' lang='lat'><strong>29.</strong></span> <span class='ocrx_word' id='word_1_115' title='bbox 706 3744 802 3793; x_wconf 84' lang='lat' dir='ltr'><strong>occidit.</strong></span> 
     </span>
    </p>
   </div>
   <div class='ocr_carea' id='block_1_11' title="bbox 0 0 1388 4250">
    <p class='ocr_par' dir='ltr' id='par_1_14' title="bbox 0 0 1388 4250">
     <span class='ocr_line' id='line_1_29' title="bbox 0 0 1388 4250; baseline 0 0"><span class='ocrx_word' id='word_1_116' title='bbox 0 0 1388 4250; x_wconf 95' lang='lat' dir='ltr'><strong> </strong></span> 
     </span>
    </p>
   </div>
  </div>
 </body>
</html>
