2742 4250
563 585 744 667 ornum
773 586 847 678 vn.

377 800 379 804 ·
431 799 483 843 sn
517 799 712 842 rorunun
746 787 960 846 nonaxon

341 994 428 1074 Quo,
444 1013 510 1075 quo
525 992 650 1056 scelesti
665 993 781 1058 ruitis?
804 1005 860 1058 aut
875 1015 933 1058 cur
947 995 1084 1059 dexteris

382 1094 545 1176 Aptantur
559 1113 653 1155 enses
668 1093 814 1157 conditi?

323 1192 325 1197 ’
340 1193 502 1254 Parumne
517 1193 641 1274 campis
656 1202 753 1274 atque
769 1193 920 1276 Neptuno
935 1214 1031 1276 super

382 1292 512 1354 Fusum
526 1301 574 1354 est
588 1291 699 1355 Latini
714 1292 907 1374 sanguinis?

341 1390 423 1470 Non,
439 1400 476 1452 ut
490 1389 645 1472 superbas
660 1390 791 1454 invidae
808 1392 1014 1476 Carthaginis
1193 1395 1213 1458 ὅ

383 1490 551 1553 Romanus
566 1510 655 1552 arces
670 1485 797 1570 ureret‚'
1138 1501 1142 1505 '

307 1608 310 1613 ·
339 1590 485 1652 Intaotus
501 1597 558 1650 aut
573 1589 749 1652 Britannus
764 1599 802 1652 ut
816 1589 1023 1652 descenderet

382 1690 483 1752 Sacra
497 1699 668 1751 catenatus
683 1689 752 1770 via,

339 1787 404 1851 Sed
419 1798 463 1867 ut,
480 1787 661 1850 secundum
675 1797 752 1850 vota
768 1789 968 1870 Parthorum,
985 1809 1046 1852 sua

330 1949 341 1966 Ι
381 1887 466 1950 Urbs
482 1887 562 1949 haee
576 1888 690 1969 periret
705 1887 846 1964 dextera,

339 1985 454 2066 Neque
470 1986 522 2048 hie
537 1986 623 2068 lupis
638 2006 709 2048 mos
724 2007 784 2048 neo
799 1987 860 2050 fuit
874 1987 1019 2052 leonibus

384 2083 549 2167 Unquam,
568 2085 630 2148 nisr
646 2085 679 2148 in
695 2085 810 2168 dispar,
821 2083 910 2151 'seris

340 2185 485 2247 Furorne
499 2204 625 2264 caecus,
641 2205 685 2248 an
700 2186 782 2267 rapit
797 2186 847 2247 vis
861 2187 984 2251 acriori

383 2285 436 2347 An
450 2283 572 2365 culpa?
614 2284 821 2367 Responsum
835 2286 919 2350 date.

340 2382 477 2462 Tacent,
493 2393 524 2444 et
539 2383 633 2446 albus
648 2404 705 2446 ora
719 2384 820 2466 pallor
835 2384 945 2465 inficit,

381 2482 573 2563 Mentesque
588 2483 754 2564 perculsae
770 2493 910 2565 stupent.

339 2581 394 2645 sic
409 2592 476 2644 est:
498 2584 614 2644 acerba
628 2582 696 2645 sata
712 2582 878 2646 Romanos
893 2595 996 2666 agunt

382 2681 560 2762 Scelusque
576 2681 734 2744 fraternae
749 2682 846 2762 neeis,

341 2779 384 2844 Ut
400 2780 596 2843 immerentis
611 2780 709 2843 fluxit
724 2782 758 2844 in
773 2792 890 2845 terram
905 2784 1000 2849 Remi

380 2880 478 2944 Sacer
492 2881 661 2963 nepotibus
676 2900 777 2944 cruor.

417 3077 494 3129 nvn.
511 3080 548 3130 12.
566 3081 708 3141 Nunquam.
787 3058 790 3061 .
841 3083 879 3131 1³.
897 3048 990 3133 cueorrs

548 3161 587 3210 15.
604 3171 628 3209 et
640 3176 682 3211 ors
694 3160 767 3224 pallor
781 3162 855 3211 albus
