2742 4250
221 227 293 302 288
596 243 860 294 nrrsronnnnn.

262 399 464 483 Perdiderat;
487 410 558 484 post
573 401 634 464 hoc
648 401 826 463 vehemens
841 400 947 482 lupus,
963 409 995 462 et
1009 399 1070 462 sibi
1084 411 1117 462 et
1132 399 1214 464 hosti

261 501 367 564 Iratus
382 501 504 583 pariter,
515 501 634 585 jejunis
649 499 801 564 dentibus
815 519 897 579 acer,

261 601 463 664 Praesidium
478 601 583 684 regale
598 600 668 662 loco
682 600 857 683 dejecit,'ut
872 600 972 678 aiunt,
1195 599 1237 662 30

261 702 397 765 Summe
412 701 538 763 munito
551 710 584 763 et
599 699 777 762 multarum
792 698 891 762 divite
905 719 1021 762 rerum.

262 800 379 864 Clarus
392 802 434 864 ob
448 800 482 863 id
496 799 628 880 sactum,
644 799 739 862 donis
754 810 886 862 ornatur
900 799 1061 880 honestis3

262 901 434 983 Accipiter
449 901 497 962 bis
513 899 598 962 dena
612 919 709 982 super
722 899 866 962 sestertia
882 903 1064 963 nummum.

266 1001 359 1062 Forte
374 1000 436 1062 sub
449 999 511 1062 hoc
526 1009 654 1082 tempus
667 998 840 1061 castellum
854 1009 994 1063 evertere
1008 1012 1133 1083 praetor

263 1097 380 1162 Nescio
394 1098 481 1180 quod
495 1098 638 1180 cupiens
653 1097 773 1160 hortari
787 1097 891 1180 coepit
905 1098 1046 1163 eundem
1196 1100 1237 1162 35

263 1198 383 1279 Verbis,
398 1218 483 1279 quae
497 1196 610 1260 timido
623 1216 753 1278 quoquc
768 1205 899 1279 possent
913 1196 1030 1260 addere
1047 1210 1207 1262 mentem:

264 1299 288 1378 l,
304 1299 397 1378 bone,
413 1318 477 1379 qno
492 1298 594 1363 virtus
609 1299 712 1360 tuate
728 1306 831 1376 vocat,
847 1296 858 1358 i
873 1296 954 1378 pede
970 1295 1085 1378 fansto,

264 1397 409 1460 Grandia
424 1397 549 1460 laturus
564 1398 749 1458 meritorum
764 1397 928 1478 praemia!
972 1397 1065 1467 Quid
1080 1398 1173 1461 stas?

264 1500 342 1561 Post
356 1499 436 1560 haec
451 1497 505 1559 ille
519 1506 621 1577 calm,
637 1497 850 1578 quantumvis
865 1497 1024 1560 rusticus:
1048 1498 1118 1578 Ibit,

265 1598 327 1661 lbit
341 1617 387 1677 co,
403 1616 467 1678 qno
482 1596 540 1677 vis,
556 1597 613 1678 qui
627 1617 745 1658 zonam
759 1595 904 1680 perdidit,
921 1597 1035 1678 inquit.
1057 1589 1060 1594 ’
1197 1599 1239 1661 40

264 1698 388 1761 Romae
403 1695 516 1759 nutriri
530 1695 611 1758 mihi
625 1695 766 1778 contigit,
784 1709 882 1776 atque
897 1694 1011 1775 doceri,

266 1798 370 1859 Iratus
386 1796 490 1859 Graiis
506 1805 667 1877 quantum
682 1797 845 1858 nocuisset
861 1795 1014 1858 Achilles

265 1895 416 1979 Adjecere
432 1898 534 1957 bonae
549 1894 659 1977 paullo
673 1895 747 1977 plus
762 1895 839 1958 artis
854 1895 1010 1975 Athenae,

265 1997 394 2060 Scilicet
409 2006 445 2073 ut
460 2015 587 2077 possem
601 2013 700 2056 curvo
715 1993 900 2076 dignoscere
916 2006 1049 2074 rectum,

265 2097 372 2179 Atque
386 2096 468 2159 inter
483 2095 582 2158 silvas
597 2093 753 2157 Academi
769 2114 919 2176 quaerere
935 2114 1057 2158 verum.
1201 2093 1240 2160 45

267 2197 358 2258 Dura
373 2194 430 2258 sed
443 2214 591 2257 emovere
605 2195 675 2257 loco
690 2214 742 2261 mc
759 2204 902 2277 tempora
917 2204 1015 2277 grate,

267 2295 444 2376 Civilisque
460 2293 573 2357 rudem
588 2294 663 2357 belli
679 2293 752 2357 tulit
767 2304 875 2357 aestus
890 2294 925 2356 in
940 2314 1039 2374 arma,

267 2394 415 2458 Caesada
430 2393 571 2476 Augusti
585 2412 652 2456 non
665 2412 858 2475 responsura
872 2392 1009 2456 lacertis,

267 2493 474 2561 Unde-simul
489 2494 629 2577 primum
643 2512 696 2555 me
711 2490 858 2556 dimisere
874 2493 1023 2575 Philippi,

269 2595 395 2659 Decisis
410 2594 568 2658 humilem
583 2594 706 2676 penniS,
723 2592 916 2676 inopemque
930 2592 1054 2675 paterni
1203 2593 1243 2657 50
1359 2590 1360 2655 l

269 2696 313 2759 Et
327 2696 420 2759 Laris
434 2704 466 2757 ct
480 2692 583 2774 fundi,
598 2703 772 2777 paupertas
787 2692 915 2775 impulit
929 2691 1050 2773 audax,

270 2795 314 2859 Ut
329 2814 440 2858 versus
455 2794 611 2876 facerem3
636 2793 701 2873 sed,
718 2793 805 2875 quod
820 2812 885 2855 non
901 2791 991 2873 desit,
1007 2792 1181 2855 habentem

270 2897 367 2965 Quae
382 2904 530 2977 poterunt
544 2912 692 2976 unquam
708 2893 786 2955 satis
801 2912 980 2975 expurgare
995 2891 1129 2970 cicutae,

273 2995 313 3058 Ni
328 2994 445 3056 melius
460 2992 595 3055 dormire
610 3003 721 3075 putem
736 3012 837 3073 quam
852 2992 987 3055 scribere
1002 2992 1139 3054 versus?

271 3093 410 3176 Singula
423 3092 463 3155 de
478 3093 570 3156 nobis
585 3092 663 3156 anni
678 3090 874 3173 praedantur
888 3102 1020 3154 euntes:
1205 3092 1242 3155 5⁶

272 3194 428 3275 Eripuere
439 3192 537 3275 joc0S,
553 3191 718 3270 Venerem,
735 3192 894 3271 convivia,
909 3189 1034 3269 ludum,

273 3291 432 3357 Tendunt
446 3300 632 3372 extorquere
648 3301 816 3372 poemata:
839 3290 917 3373 quid
932 3288 1051 3353 faciam
1066 3289 1140 3353 vis?

277 3393 424 3475 lienique
438 3409 503 3453 non
518 3410 630 3453 omnes
644 3389 759 3452 eadem
774 3390 928 3453 mirantur
943 3399 1136 3473 amantque:

277 3492 428 3557 Carmine
444 3501 479 3554 tu
495 3489 626 3573 gaudee,
644 3489 696 3551 bic
712 3488 889 3552 delectatur
903 3488 1028 3569 iambis,

599 3724 641 3773 44.
659 3721 754 3776 vellem.
768 3720 882 3769 Orellirrs.
