2742 4250
452 304 572 354 crana
622 304 651 354 o.
677 305 756 354 xrv,
1041 286 1108 364 ut

135 464 250 528 Cetera
265 463 357 526 mitte
372 462 481 544 loqui:
505 461 587 524 deus
601 463 682 524 haec
698 461 832 524 fortasse
847 461 988 544 benigna

176 563 326 628 Reducet
342 565 374 624 in
390 561 500 624 sedem
517 562 596 624 vice.
639 561 737 624 Nunc
752 571 785 623 et
799 562 1018 626 Achaemenio

137 661 292 726 Perfundi
306 660 512 745 nardo-juvat
526 672 559 722 et
575 661 637 723 lide
653 661 812 743 Cyllenea

176 761 303 824 Levare
318 759 395 822 diris
409 771 537 843 pectora
553 758 843 822 sollicitudinibus:
1073 762 1113 824 10

139 860 261 926 Nobilis
277 869 314 923 ut
329 859 443 942 grandi
457 859 573 921 cecinit
589 859 774 921 Centaurus
790 859 943 923 alumno:

174 959 310 1038 Invicta,
327 959 469 1021 mortalis
484 958 545 1020 dea
561 969 635 1020 nate
650 978 730 1040 puer
745 958 897 1039 Thetide,

139 1059 169 1122 '1'
170 1080 188 1121 e
202 1068 315 1121 manet
330 1058 481 1140 Assaraci
495 1057 598 1136 tellus,
614 1077 714 1138 quam
730 1057 846 1140 frigida
862 1059 953 1140 parvi

178 1157 328 1220 Findunt
342 1155 533 1220 Scamandri
548 1155 694 1236 flumina,
710 1156 852 1219 lubricus
867 1166 899 1219 et
913 1156 1049 1240 Simois3

141 1255 232 1317 Unde
247 1255 306 1318 tibi
320 1254 459 1317 reditum
473 1265 559 1317 certo
574 1255 756 1318 subtemine
766 1256 894 1336 ⁴Parcae
1076 1256 1111 1319 15

103 1377 106 1384 ·
177 1353 314 1435 Rupere,
330 1373 391 1416 nec
406 1365 507 1417 mater
521 1353 656 1416 domum
670 1353 802 1416 caerula
817 1365 847 1416 te
862 1355 998 1418 revehet

139 1451 206 1533 lllic
221 1471 318 1516 omne
333 1454 458 1516 malum
474 1454 549 1515 vino
563 1463 728 1535 cantuque
743 1452 858 1534 levato,

178 1552 339 1615 Deformis
354 1553 569 1636 aegrimoniae
584 1551 734 1615 dulcibus
750 1553 907 1636 alloquiis.

543 1870 663 1882 .—

455 2113 635 2175 CARMEN
663 2112 751 2175 XIV.

386 2313 442 2355 An
479 2314 824 2359 MAECENA'I'EM.

201 2472 309 2535 blollis
324 2473 438 2536 inertia
452 2495 510 2538 cur
525 2488 650 2540 tantam
665 2477 828 2541 diffuderit
843 2480 916 2541 iuris

262 2571 468 2636 Oblivionem
483 2577 639 2655 sensibus,

201 2670 324 2732 Pocula
338 2672 498 2735 Lethaeos
513 2684 550 2737 ut
564 2677 591 2737 si
607 2675 759 2738 ducentia
774 2695 902 2737 somnos

262 2770 380 2831 Arente
395 2770 488 2834 fauce
508 2775 667 2854 traxerim,

200 2867 347 2931 Candide
362 2870 544 2951 Maecenas,
561 2873 680 2935 occidis
697 2893 792 2955 saepe
807 2874 964 2955 rogando:
1089 2874 1109 2935 ῡ

262 2967 361 3047 Deus,
377 2968 458 3031 deus
474 2990 552 3033 nam
566 2992 618 3035 me
633 2983 722 3035 vetat

200 3066 357 3149 Inceptos‚
373 3068 450 3131 olim
466 3072 660 3151 promissum
674 3092 812 3153 carmen,
830 3072 952 3135 iambos

259 3166 311 3228 Ad
327 3168 519 3231 umbilicum
533 3169 703 3234 adducere.

200 3264 272 3327 Non
288 3266 380 3328 aliter
394 3268 505 3331 Samio
520 3268 632 3332 dicunt
647 3272 763 3333 arsisse
779 3271 930 3355 Bathyllo

263 3366 464 3429 Anacreonta
479 3369 608 3448 TeIum,
1072 3370 1107 3431 ru

199 3464 267 3533 Qui
282 3484 434 3547 persaepe
449 3486 531 3529 cava
547 3468 707 3531 testudine
722 3469 812 3532 flevit
826 3489 968 3533 amorem

256 3562 332 3627 Non
346 3563 546 3629 elaboratum
561 3567 604 3629 ad
619 3568 743 3649 pedem.

198 3661 303 3723 Ureris
319 3663 386 3744 ipse
401 3664 514 3729 miser:
536 3667 651 3748 quodsi
665 3687 730 3729 non
744 3652 906 3750 ¹pulchrior
920 3668 1004 3749 ignis

256 3762 414 3824 Accendit
427 3764 591 3827 obsessam
607 3766 698 3843 Ilion,
