2742 4250
233 240 300 309 loo
630 206 844 302 SATIRARUM

232 414 394 496 Expressa
409 411 539 474 arbusto
554 408 667 491 regerit
681 406 839 487 convicia,
855 406 959 469 durus

231 511 447 576 Vindemiator
461 519 492 573 et
506 509 656 587 invictus,
670 507 726 570 cui
739 527 835 588 saepe
849 506 952 568 viator

229 612 393 690 Cessisset,
410 629 532 691 magna
545 605 745 689 compellans
760 625 838 667 voce
853 603 1016 667 cuculum.

230 713 274 775 At
287 712 440 788 Graecus
455 717 627 790 pmtquam
641 715 691 767 est
705 704 787 768 Italo
801 702 949 786 perfusus
964 713 1063 782 aceto,

231 810 360 873 Persius
374 807 555 870 exclamat:
578 806 640 868 Per
653 822 798 885 magnos
815 802 921 882 Brute,
937 801 1014 864 deos
1030 812 1060 863 te

232 909 316 972 Oro!
339 908 397 988 qui
410 926 502 988 reges
516 902 682 967 consueris
696 902 813 983 tollere,
829 923 888 965 cur
901 921 968 966 non

233 1009 329 1073 llunc
344 1008 466 1089 Regem
476 1003 634 1089 jugulas?
668 1003 812 1086 Operum
827 1003 897 1084 hoc,
909 1002 989 1065 milri
1005 1002 1105 1082 erede,
1118 1011 1241 1068 tuorun
1362 1037 1363 1096 ᾗ

356 1115 413 1168 est
1207 1101 1251 1162 35

603 1727 764 1787 SATIRA
793 1725 886 1786 VIII.

317 1954 406 2017 Olim
421 1962 553 2016 truncus
568 1971 657 2014 eram
672 1950 823 2030 ficulnm,
840 1948 953 2012 Inutile
969 1949 1103 2032 lignum,

275 2055 362 2116 Cum
376 2053 472 2134 faber,
488 2053 629 2114 incertus
645 2070 816 2113 scamnum
830 2049 989 2113 faceretne
1004 2049 1168 2133 Priapum,

206 2187 209 2191 ·
275 2153 395 2216 Maluit
408 2173 478 2215 esse
493 2151 601 2215 deum.
645 2152 737 2214 Deus
752 2150 827 2213 inde
842 2170 909 2232 ego,
925 2148 1036 2212 furum
1051 2150 1230 2233 aviumque

275 2253 424 2315 Maxima
438 2250 592 2315 formido:
615 2271 692 2313 nam
708 2251 794 2314 fures
810 2249 923 2313 dextra
938 2260 1063 2312 coercet·

275 2352 507 2433 Obscoenoque
523 2352 616 2414 ruber
630 2360 792 2433 porrectus
807 2350 849 2412 ab
863 2350 995 2431 inguine
1009 2350 1122 2432 palus:
1231 2352 1250 2413 5

274 2452 335 2513 Ast
348 2451 548 2533 importunas
563 2451 710 2513 volucres
726 2450 760 2513 in
775 2450 891 2512 vertice
907 2450 1031 2512 arundo

274 2550 389 2613 Terret
403 2550 472 2613 fixa
485 2560 639 2632 vetatque
653 2549 749 2613 novis
763 2550 928 2613 considere
941 2549 976 2611 in
991 2550 1098 2612 hortis.

266 2650 349 2729 ¹Huc
364 2650 452 2733 prius
467 2650 615 2732 angustis
629 2650 729 2733 ejecta
743 2648 904 2711 cadavera
918 2648 1008 2712 cellis

273 2750 457 2813 Conservus
471 2750 529 2812 vili
543 2748 701 2832 portanda
715 2748 842 2812 locabat
857 2750 891 2811 in
906 2769 990 2811 arca.

273 2848 344 2912 Hoc
359 2849 494 2912 miserae
509 2849 595 2931 plebi
609 2849 716 2911 stabat
731 2868 903 2911 commune
918 2849 1111 2931 sepulcrum,
1211 2850 1250 2912 tu

275 2948 452 3012 Pantolabo
467 2969 595 3012 scurrae
609 2946 879 3029 Nomentanoque
893 2948 1010 3030 nepoti.

272 3048 363 3111 Mille
378 3048 475 3130 pedes
490 3049 524 3110 iu
539 3046 649 3127 fronte,
665 3056 821 3109 trecentos
836 3047 949 3129 cippus
964 3047 999 3109 in
1014 3066 1129 3128 agrum

271 3146 336 3211 Hie
350 3145 457 3227 dabat,
473 3146 606 3209 heredes
621 3155 870 3209 monumentum
885 3164 926 3207 ne
941 3154 1134 3227 sequeretur.

273 3244 369 3309 Nunc
385 3245 459 3307 licet
473 3244 630 3325 Esquiliis
644 3245 790 3308 habitare
805 3243 997 3323 salubribus,
1012 3253 1110 3325 atquo

272 3347 397 3427 Aggere
412 3344 447 3407 in
461 3344 568 3426 aprico
583 3345 722 3427 spatiari,
738 3364 804 3427 quo
819 3344 915 3407 modo
930 3344 1034 3407 tristes
1209 3345 1247 3407 15
1362 3336 1363 3339 '

272 3444 363 3508 Albis
379 3442 547 3506 informem
561 3444 752 3526 spectabant
765 3444 892 3506 ossibus
907 3462 1040 3527 agrum3
1362 3434 1363 3437 '

271 3546 357 3607 Cum
371 3543 452 3606 mihi
466 3564 532 3606 non
547 3553 674 3606 tantum
690 3542 841 3626 furesque
855 3542 1004 3625 feraeque
1019 3551 1128 3604 suetae

324 3741 365 3791 31.
382 3733 508 3792 cucullum.
574 3745 615 3792 34.
632 3744 758 3793 consuesti.
827 3744 852 3793 S.
865 3744 914 3791 viii.
928 3744 950 3791 7.
969 3740 1033 3799 fissa,
1045 3740 1141 3803 decor}
