2742 4250
232 236 316 319 ’160
675 266 816 317 cronon

280 428 335 492 Sic
349 426 478 509 placati
500 445 545 488 an
558 424 674 487 melius
686 424 761 505 quis
772 424 870 487 babet
886 424 1046 488 suaderel
1082 424 1238 489 Secunda

321 527 438 589 Ratem
453 544 609 607 occupare
623 523 703 605 quid
719 542 882 585 moramur
897 523 998 586 alite?

280 626 345 690 Sed
356 627 502 709 juremus
517 625 551 686 in
566 624 666 686 haec:
690 622 787 684 simul
803 623 876 685 imis
892 643 974 685 saxa
988 623 1130 685 renarint
1216 624 1257 687 25

326 725 422 788 Vadis
437 724 552 803 levata,
569 742 611 784 ne
626 721 726 785 redire
742 724 783 785 sit
797 722 907 804 nefas;

281 825 354 889 Neu
368 843 523 887 conversa
538 822 672 885 domum
688 824 796 903 pigeat
810 822 887 884 dare
903 823 1010 903 lintea,
1026 822 1158 905 quando

321 923 432 987 Padus
447 921 573 984 Matina
588 920 702 983 laverit
716 922 898 1001 cacumina,

279 1025 317 1088 ln
333 1042 421 1085 mare
436 1041 494 1083 seu
508 1021 615 1082 celsus
630 1020 817 1103 procurrerit
832 1020 1035 1103 Apenninus

322 1122 481 1203 Novaque
496 1129 639 1182 monstra
645 1120 794 1202 ·jrmxerit
809 1118 940 1182 libidine
1216 1120 1259 1181 30

279 1223 382 1286 Mirus
397 1240 494 1310 arnor,
506 1221 599 1304 juvet
616 1229 654 1281 ut
668 1219 764 1302 tigres
779 1218 943 1281 subsidere
959 1219 1072 1299 cervis,

321 1320 528 1384 Adulteratur
542 1329 574 1381 et
587 1319 740 1382 columba
754 1318 864 1398 miluo,

280 1420 421 1483 t'iredula
435 1438 495 1481 nec
511 1437 605 1480 ravos
619 1418 756 1480 timeant
770 1433 915 1479 armenta
930 1416 1048 1497 leones,

320 1519 480 1601 Ametque
498 1517 584 1580 salsa
599 1516 680 1579 levis
695 1518 805 1579 hircus
821 1536 969 1597 aequora.

279 1620 377 1698 Haec,
394 1629 524 1700 atquae
539 1627 689 1701 poterunt
704 1615 825 1678 reditus
840 1616 1026 1678 abscindere
1040 1615 1161 1695 dulces,
1214 1616 1255 1678 3⁸0

322 1718 448 1780 Eamus
462 1719 566 1780 omnis
581 1726 748 1780 exsecrata
761 1715 885 1795 civitas,

279 1820 347 1885 Aur
361 1838 435 1901 pars
450 1816 579 1879 indocili
595 1816 706 1879 melior
723 1834 817 1897 grege
830 1836 838 1897 3
861 1813 968 1877 mollis
983 1823 1015 1875 et
1029 1833 1145 1896 exspes

321 1918 505 1982 Inominata
520 1916 692 1997 perprimat
706 1914 844 1977 cubilia!

280 2019 352 2096 Vos,
368 2016 486 2098 quibus
501 2025 549 2076 est
564 2015 674 2092 virtus,
691 2013 881 2076 muliebrem
897 2012 996 2074 tollite
1011 2011 1148 2091 luctum,

322 2117 460 2180 Etrusca
475 2127 597 2197 praeter
611 2125 643 2177 ct
657 2113 763 2175 volate
778 2112 877 2175 litora.
1211 2110 1253 2175 40

279 2217 347 2281 Nos
362 2225 473 2278 manet
488 2215 640 2277 Oceanus
654 2213 901 2294 circumvagus3
925 2232 1012 2291 arva,
1028 2212 1121 2274 beata

320 2317 474 2378 Petamus
489 2333 577 2394 arra,
592 2313 708 2375 divites
723 2322 755 2374 et
770 2311 902 2390 insulas,

279 2412 398 2478 Reddit
412 2413 469 2476 ubi
484 2413 632 2475 Cererem
649 2412 743 2474 tellus
759 2411 885 2473 inarata
899 2410 1081 2492 quotannis,

320 2514 365 2576 Et
380 2514 539 2594 imputata
553 2511 643 2573 floret
658 2530 762 2591 usque
776 2511 881 2590 vinea,

279 2614 445 2678 Germinat
459 2623 491 2675 et
506 2631 676 2694 nunquam
692 2609 832 2673 fallentis
847 2621 962 2672 termes
977 2609 1090 2687 olivan,
1211 2608 1251 2671 115
1361 2667 1362 2670 ,

319 2715 487 2794 Suamque
502 2710 593 2795 pulla
609 2711 692 2774 ficus
708 2721 800 2773 ornat
814 2710 967 2788 arborem,

279 2814 378 2877 Mella
392 2833 475 2876 cava
490 2822 625 2874 manant
640 2831 682 2872 ex
698 2810 778 2889 ilice,
794 2812 957 2874 montibus
973 2807 1046 2873 altis

320 2912 417 2976 Levis
432 2922 581 2994 crepante
596 2911 733 2993 lympha
748 2909 853 2972 desilit
868 2909 957 2993 pede.

279 3011 349 3077 Illic
364 3011 505 3095 injussae
521 3010 656 3074 veniunt
671 3010 714 3073 ad
729 3010 866 3072 mulctra
880 3010 1031 3093 capellae,

320 3111 491 3191 Resertque
507 3120 595 3172 tenta
610 3131 688 3192 grex
704 3110 829 3173 amicus
845 3110 963 3191 ubera;
1212 3114 1252 3175 50
1361 3097 1362 3125 ¹

279 3213 347 3279 Nec
362 3209 563 3292 vespertinus
577 3210 800 3290 circumgemit
815 3229 910 3271 ursus
925 3209 1017 3290 ovile,

319 3310 432 3391 Neque
448 3309 633 3371 intumescit
647 3308 713 3370 alta
729 3309 844 3390 viperis
859 3310 988 3372 burnus.

280 3412 441 3491 Pluraque
456 3406 565 3470 felices
580 3408 788 3472 mirabimur:
811 3418 849 3471 ut
863 3429 969 3491 neque
984 3409 1081 3491 largis

321 3511 472 3591 Aquosus
487 3508 599 3571 Eurus
614 3528 693 3570 arva
708 3508 800 3570 radat
815 3507 980 3590 imbribus,

333 3741 374 3791 29.
392 3750 531 3803 proruperit.
596 3740 637 3790 33.
655 3738 730 3816 duros
763 3735 854 3798 fulvom
871 3753 963 3788 saeros
1032 3740 1064 3790 51
1090 3736 1154 3788 ovili
