<?xml version="1.0" encoding="UTF-8"?>
<!DOCTYPE html PUBLIC "-//W3C//DTD XHTML 1.0 Transitional//EN"
    "http://www.w3.org/TR/xhtml1/DTD/xhtml1-transitional.dtd">
<html xmlns="http://www.w3.org/1999/xhtml" xml:lang="en" lang="en">
 <head>
  <title>
</title>
<meta http-equiv="Content-Type" content="text/html;charset=utf-8" />
  <meta name='ocr-system' content='tesseract 3.04.00' />
  <meta name='ocr-capabilities' content='ocr_page ocr_carea ocr_par ocr_line ocrx_word'/>
</head>
<body>
  <div class='ocr_page' id='page_1' title='image "./workshoracewith01lincgoog_0059.png"; bbox 0 0 2742 4250; ppageno 0'>
   <div class='ocr_carea' id='block_1_1' title="bbox 467 283 781 337">
    <p class='ocr_par' dir='ltr' id='par_1_1' title="bbox 467 283 781 337">
     <span class='ocr_line' id='line_1_1' title="bbox 467 283 781 337; baseline 0.006 -4"><span class='ocrx_word' id='word_1_1' title='bbox 467 283 574 334; x_wconf 80' lang='lat' dir='ltr'>LIBER</span> <span class='ocrx_word' id='word_1_2' title='bbox 599 284 624 334; x_wconf 89' lang='lat'><strong>1.</strong></span> <span class='ocrx_word' id='word_1_3' title='bbox 674 285 704 337; x_wconf 79' lang='grc'><strong>0.</strong></span> <span class='ocrx_word' id='word_1_4' title='bbox 729 283 781 335; x_wconf 82' lang='lat' dir='ltr'><strong>XL</strong></span> 
     </span>
    </p>
   </div>
   <div class='ocr_carea' id='block_1_2' title="bbox 278 440 1124 736">
    <p class='ocr_par' dir='ltr' id='par_1_2' title="bbox 278 440 1124 736">
     <span class='ocr_line' id='line_1_2' title="bbox 280 440 896 526; baseline 0.006 -24"><span class='ocrx_word' id='word_1_5' title='bbox 280 441 373 510; x_wconf 71' lang='lat' dir='ltr'><strong>Quin</strong></span> <span class='ocrx_word' id='word_1_6' title='bbox 388 449 420 503; x_wconf 90' lang='lat' dir='ltr'><strong>et</strong></span> <span class='ocrx_word' id='word_1_7' title='bbox 434 440 572 522; x_wconf 85' lang='lat' dir='ltr'><strong>Atridas,</strong></span> <span class='ocrx_word' id='word_1_8' title='bbox 588 440 670 506; x_wconf 91' lang='lat' dir='ltr'><strong>duce</strong></span> <span class='ocrx_word' id='word_1_9' title='bbox 686 452 726 523; x_wconf 88' lang='lat' dir='ltr'><strong>te,</strong></span> <span class='ocrx_word' id='word_1_10' title='bbox 742 445 896 526; x_wconf 83' lang='lat' dir='ltr'><strong>superbos</strong></span> 
     </span>
     <span class='ocr_line' id='line_1_3' title="bbox 278 538 730 604; baseline 0.002 -3"><span class='ocrx_word' id='word_1_11' title='bbox 278 539 338 601; x_wconf 90' lang='lat' dir='ltr'><strong>Ilio</strong></span> <span class='ocrx_word' id='word_1_12' title='bbox 351 538 443 601; x_wconf 86' lang='lat' dir='ltr'><strong>dives</strong></span> <span class='ocrx_word' id='word_1_13' title='bbox 458 540 607 603; x_wconf 80' lang='lat' dir='ltr'><strong>Priamus</strong></span> <span class='ocrx_word' id='word_1_14' title='bbox 621 541 730 604; x_wconf 84' lang='lat' dir='ltr'><strong>relicto</strong></span> 
     </span>
     <span class='ocr_line' id='line_1_4' title="bbox 278 638 1124 736; baseline 0.006 -36"><span class='ocrx_word' id='word_1_15' title='bbox 278 638 520 720; x_wconf 84' lang='lat' dir='ltr'><strong>Thessalosque</strong></span> <span class='ocrx_word' id='word_1_16' title='bbox 537 639 626 722; x_wconf 89' lang='lat' dir='ltr'><strong>ignes</strong></span> <span class='ocrx_word' id='word_1_17' title='bbox 642 650 673 702; x_wconf 91' lang='lat' dir='ltr'><strong>et</strong></span> <span class='ocrx_word' id='word_1_18' title='bbox 689 640 801 723; x_wconf 82' lang='lat' dir='ltr'><strong>iniqua</strong></span> <span class='ocrx_word' id='word_1_19' title='bbox 816 641 933 725; x_wconf 85' lang='lat' dir='ltr'><strong>Trojae</strong></span> <span class='ocrx_word' id='word_1_20' title='bbox 1000 727 1005 736; x_wconf 33' lang='lat'><strong>·</strong></span> <span class='ocrx_word' id='word_1_21' title='bbox 1088 643 1124 705; x_wconf 72' lang='grc' dir='ltr'><strong>[ὃ</strong></span> 
     </span>
    </p>
   </div>
   <div class='ocr_carea' id='block_1_3' title="bbox 362 737 611 802">
    <p class='ocr_par' dir='ltr' id='par_1_3' title="bbox 362 737 611 802">
     <span class='ocr_line' id='line_1_5' title="bbox 362 737 611 802; baseline 0.004 -1"><span class='ocrx_word' id='word_1_22' title='bbox 362 737 477 801; x_wconf 81' lang='lat' dir='ltr'><strong>Castra</strong></span> <span class='ocrx_word' id='word_1_23' title='bbox 491 737 611 802; x_wconf 75' lang='lat' dir='ltr'><strong>fefellit</strong></span> 
     </span>
    </p>
   </div>
   <div class='ocr_carea' id='block_1_4' title="bbox 275 935 855 1300">
    <p class='ocr_par' dir='ltr' id='par_1_4' title="bbox 277 935 808 1019">
     <span class='ocr_line' id='line_1_6' title="bbox 277 935 808 1019; baseline 0.002 -20"><span class='ocrx_word' id='word_1_24' title='bbox 277 935 335 999; x_wconf 76' lang='lat' dir='ltr'><strong>&#39;l&#39;u</strong></span> <span class='ocrx_word' id='word_1_25' title='bbox 348 935 420 1019; x_wconf 83' lang='lat' dir='ltr'><strong>pias</strong></span> <span class='ocrx_word' id='word_1_26' title='bbox 434 935 525 1018; x_wconf 79' lang='lat' dir='ltr'><strong>laetis</strong></span> <span class='ocrx_word' id='word_1_27' title='bbox 541 937 667 1000; x_wconf 83' lang='lat' dir='ltr'><strong>animas</strong></span> <span class='ocrx_word' id='word_1_28' title='bbox 682 937 808 1019; x_wconf 83' lang='lat' dir='ltr'><strong>reponis</strong></span> 
     </span>
    </p>

    <p class='ocr_par' dir='ltr' id='par_1_5' title="bbox 276 1034 855 1119">
     <span class='ocr_line' id='line_1_7' title="bbox 276 1034 855 1119; baseline -0.002 -19"><span class='ocrx_word' id='word_1_29' title='bbox 276 1034 425 1108; x_wconf 87' lang='lat' dir='ltr'>Sedibus,</span> <span class='ocrx_word' id='word_1_30' title='bbox 440 1035 595 1119; x_wconf 86' lang='lat' dir='ltr'><strong>virgaque</strong></span> <span class='ocrx_word' id='word_1_31' title='bbox 609 1036 715 1100; x_wconf 88' lang='lat' dir='ltr'><strong>levem</strong></span> <span class='ocrx_word' id='word_1_32' title='bbox 729 1056 855 1100; x_wconf 80' lang='lat' dir='ltr'><strong>coerces</strong></span> 
     </span>
    </p>

    <p class='ocr_par' dir='ltr' id='par_1_6' title="bbox 275 1134 822 1300">
     <span class='ocr_line' id='line_1_8' title="bbox 275 1134 822 1218; baseline 0.004 -21"><span class='ocrx_word' id='word_1_33' title='bbox 275 1135 385 1197; x_wconf 71' lang='lat' dir='ltr'><strong>Auren&#39;</strong></span> <span class='ocrx_word' id='word_1_34' title='bbox 399 1134 535 1216; x_wconf 85' lang='lat' dir='ltr'><strong>turbam,</strong></span> <span class='ocrx_word' id='word_1_35' title='bbox 551 1137 673 1218; x_wconf 87' lang='lat' dir='ltr'><strong>superis</strong></span> <span class='ocrx_word' id='word_1_36' title='bbox 688 1135 822 1199; x_wconf 86' lang='lat' dir='ltr'><strong>deorum</strong></span> 
     </span>
     <span class='ocr_line' id='line_1_9' title="bbox 360 1235 621 1300; baseline 0.008 -3"><span class='ocrx_word' id='word_1_37' title='bbox 360 1235 525 1299; x_wconf 82' lang='lat' dir='ltr'><strong>Gratus&#39;et</strong></span> <span class='ocrx_word' id='word_1_38' title='bbox 538 1235 621 1300; x_wconf 85' lang='lat' dir='ltr'><strong>imis.</strong></span> 
     </span>
    </p>
   </div>
   <div class='ocr_carea' id='block_1_5' title="bbox 478 1825 748 1888">
    <p class='ocr_par' dir='ltr' id='par_1_7' title="bbox 478 1825 748 1888">
     <span class='ocr_line' id='line_1_10' title="bbox 478 1825 748 1888; baseline -0.007 0"><span class='ocrx_word' id='word_1_39' title='bbox 478 1825 657 1888; x_wconf 81' lang='lat' dir='ltr'><strong>GARMEN</strong></span> <span class='ocrx_word' id='word_1_40' title='bbox 692 1827 748 1886; x_wconf 89' lang='lat' dir='ltr'><strong>XI.</strong></span> 
     </span>
    </p>
   </div>
   <div class='ocr_carea' id='block_1_6' title="bbox 411 2039 814 2084">
    <p class='ocr_par' dir='ltr' id='par_1_8' title="bbox 411 2039 814 2084">
     <span class='ocr_line' id='line_1_11' title="bbox 411 2039 814 2084; baseline 0.002 -2"><span class='ocrx_word' id='word_1_41' title='bbox 411 2039 469 2082; x_wconf 81' lang='lat' dir='ltr'><strong>AD</strong></span> <span class='ocrx_word' id='word_1_42' title='bbox 502 2041 814 2084; x_wconf 79' lang='lat' dir='ltr'>LEUCONOEN·</span> 
     </span>
    </p>
   </div>
   <div class='ocr_carea' id='block_1_7' title="bbox 46 2230 1115 3016">
    <p class='ocr_par' dir='ltr' id='par_1_9' title="bbox 113 2230 1027 2615">
     <span class='ocr_line' id='line_1_12' title="bbox 115 2230 1027 2317; baseline 0.004 -21"><span class='ocrx_word' id='word_1_43' title='bbox 115 2230 165 2297; x_wconf 82' lang='lat' dir='ltr'><strong>&#39;su</strong></span> <span class='ocrx_word' id='word_1_44' title='bbox 179 2254 219 2297; x_wconf 90' lang='lat' dir='ltr'><strong>ne</strong></span> <span class='ocrx_word' id='word_1_45' title='bbox 233 2234 415 2317; x_wconf 87' lang='lat' dir='ltr'><strong>quaesieris,</strong></span> <span class='ocrx_word' id='word_1_46' title='bbox 432 2234 511 2297; x_wconf 86' lang='lat' dir='ltr'><strong>seire</strong></span> <span class='ocrx_word' id='word_1_47' title='bbox 526 2233 626 2315; x_wconf 83' lang='lat' dir='ltr'><strong>nefas,</strong></span> <span class='ocrx_word' id='word_1_48' title='bbox 642 2255 741 2316; x_wconf 90' lang='lat' dir='ltr'><strong>quem</strong></span> <span class='ocrx_word' id='word_1_49' title='bbox 755 2235 844 2315; x_wconf 90' lang='lat' dir='ltr'><strong>mihi,</strong></span> <span class='ocrx_word' id='word_1_50' title='bbox 859 2255 958 2316; x_wconf 86' lang='lat' dir='ltr'><strong>quem</strong></span> <span class='ocrx_word' id='word_1_51' title='bbox 973 2238 1027 2300; x_wconf 90' lang='lat' dir='ltr'><strong>tibi</strong></span> 
     </span>
     <span class='ocr_line' id='line_1_13' title="bbox 115 2332 915 2417; baseline 0.004 -24"><span class='ocrx_word' id='word_1_52' title='bbox 115 2332 222 2397; x_wconf 84' lang='lat' dir='ltr'><strong>Finem</strong></span> <span class='ocrx_word' id='word_1_53' title='bbox 236 2333 270 2398; x_wconf 88' lang='lat' dir='ltr'><strong>dt</strong></span> <span class='ocrx_word' id='word_1_54' title='bbox 285 2333 436 2415; x_wconf 85' lang='lat' dir='ltr'><strong>dederint,</strong></span> <span class='ocrx_word' id='word_1_55' title='bbox 451 2334 629 2414; x_wconf 74' lang='lat' dir='ltr'><strong>Leuconoe,</strong></span> <span class='ocrx_word' id='word_1_56' title='bbox 645 2353 705 2397; x_wconf 91' lang='lat' dir='ltr'><strong>nec</strong></span> <span class='ocrx_word' id='word_1_57' title='bbox 720 2334 915 2417; x_wconf 82' lang='lat' dir='ltr'><strong>Babylonios</strong></span> 
     </span>
     <span class='ocr_line' id='line_1_14' title="bbox 114 2430 1016 2518; baseline 0.008 -25"><span class='ocrx_word' id='word_1_58' title='bbox 114 2430 257 2496; x_wconf 84' lang='lat' dir='ltr'><strong>Tentaris</strong></span> <span class='ocrx_word' id='word_1_59' title='bbox 272 2453 430 2496; x_wconf 87' lang='lat' dir='ltr'><strong>numeros.</strong></span> <span class='ocrx_word' id='word_1_60' title='bbox 475 2432 519 2497; x_wconf 93' lang='lat' dir='ltr'><strong>Ut</strong></span> <span class='ocrx_word' id='word_1_61' title='bbox 534 2433 658 2512; x_wconf 87' lang='lat' dir='ltr'><strong>melius,</strong></span> <span class='ocrx_word' id='word_1_62' title='bbox 674 2432 832 2516; x_wconf 89' lang='lat' dir='ltr'><strong>quidquid</strong></span> <span class='ocrx_word' id='word_1_63' title='bbox 847 2436 914 2514; x_wconf 85' lang='lat' dir='ltr'><strong>erit,</strong></span> <span class='ocrx_word' id='word_1_64' title='bbox 929 2436 1016 2518; x_wconf 81' lang='lat' dir='ltr'><strong>pati!</strong></span> 
     </span>
     <span class='ocr_line' id='line_1_15' title="bbox 113 2529 948 2615; baseline 0.004 -21"><span class='ocrx_word' id='word_1_65' title='bbox 113 2529 173 2594; x_wconf 81' lang='lat' dir='ltr'><strong>Seu</strong></span> <span class='ocrx_word' id='word_1_66' title='bbox 186 2532 293 2615; x_wconf 88' lang='lat' dir='ltr'><strong>plures</strong></span> <span class='ocrx_word' id='word_1_67' title='bbox 307 2532 439 2612; x_wconf 87' lang='lat' dir='ltr'><strong>hiemes,</strong></span> <span class='ocrx_word' id='word_1_68' title='bbox 455 2552 514 2596; x_wconf 85' lang='lat' dir='ltr'><strong>seu</strong></span> <span class='ocrx_word' id='word_1_69' title='bbox 529 2533 638 2597; x_wconf 90' lang='lat' dir='ltr'><strong>tribuit</strong></span> <span class='ocrx_word' id='word_1_70' title='bbox 652 2532 776 2615; x_wconf 90' lang='lat' dir='ltr'><strong>Jupiter</strong></span> <span class='ocrx_word' id='word_1_71' title='bbox 790 2533 948 2615; x_wconf 87' lang='lat' dir='ltr'><strong>ultimam,</strong></span> 
     </span>
    </p>

    <p class='ocr_par' dir='ltr' id='par_1_10' title="bbox 46 2628 1115 3016">
     <span class='ocr_line' id='line_1_16' title="bbox 46 2628 1115 2714; baseline -0.001 -16"><span class='ocrx_word' id='word_1_72' title='bbox 46 2662 48 2671; x_wconf 68' lang='lat'><em>,</em></span> <span class='ocrx_word' id='word_1_73' title='bbox 113 2630 202 2699; x_wconf 74' lang='lat' dir='ltr'><strong>Quae</strong></span> <span class='ocrx_word' id='word_1_74' title='bbox 217 2651 305 2695; x_wconf 91' lang='lat' dir='ltr'><strong>nnnc</strong></span> <span class='ocrx_word' id='word_1_75' title='bbox 320 2632 472 2714; x_wconf 87' lang='lat' dir='ltr'><strong>oppositis</strong></span> <span class='ocrx_word' id='word_1_76' title='bbox 486 2631 631 2696; x_wconf 87' lang='lat' dir='ltr'><strong>debilitat</strong></span> <span class='ocrx_word' id='word_1_77' title='bbox 646 2632 829 2714; x_wconf 88' lang='lat' dir='ltr'><strong>pumicibus</strong></span> <span class='ocrx_word' id='word_1_78' title='bbox 844 2653 932 2696; x_wconf 85' lang='lat' dir='ltr'><strong>mare</strong></span> <span class='ocrx_word' id='word_1_79' title='bbox 1096 2628 1115 2686; x_wconf 71' lang='grc' dir='ltr'>ὁ</span> 
     </span>
     <span class='ocr_line' id='line_1_17' title="bbox 113 2727 962 2815; baseline 0.002 -22"><span class='ocrx_word' id='word_1_80' title='bbox 113 2727 333 2811; x_wconf 77' lang='lat' dir='ltr'><strong>Tyrrhenum:</strong></span> <span class='ocrx_word' id='word_1_81' title='bbox 356 2732 471 2813; x_wconf 84' lang='lat' dir='ltr'><strong>sapias,</strong></span> <span class='ocrx_word' id='word_1_82' title='bbox 487 2732 565 2793; x_wconf 86' lang='lat' dir='ltr'><strong>vina</strong></span> <span class='ocrx_word' id='word_1_83' title='bbox 580 2731 694 2812; x_wconf 75' lang='lat' dir='ltr'><strong>liqueS,</strong></span> <span class='ocrx_word' id='word_1_84' title='bbox 709 2743 741 2794; x_wconf 90' lang='lat' dir='ltr'><strong>et</strong></span> <span class='ocrx_word' id='word_1_85' title='bbox 756 2733 859 2815; x_wconf 82' lang='lat' dir='ltr'><strong>spatio</strong></span> <span class='ocrx_word' id='word_1_86' title='bbox 874 2734 962 2796; x_wconf 87' lang='lat' dir='ltr'><strong>brevi</strong></span> 
     </span>
     <span class='ocr_line' id='line_1_18' title="bbox 112 2826 1069 2915; baseline 0.007 -25"><span class='ocrx_word' id='word_1_87' title='bbox 112 2826 201 2909; x_wconf 86' lang='lat' dir='ltr'><strong>Spem</strong></span> <span class='ocrx_word' id='word_1_88' title='bbox 216 2830 348 2913; x_wconf 87' lang='lat' dir='ltr'><strong>longam</strong></span> <span class='ocrx_word' id='word_1_89' title='bbox 362 2850 494 2893; x_wconf 87' lang='lat' dir='ltr'><strong>reseces.</strong></span> <span class='ocrx_word' id='word_1_90' title='bbox 538 2830 630 2893; x_wconf 88' lang='lat' dir='ltr'><strong>Dum</strong></span> <span class='ocrx_word' id='word_1_91' title='bbox 644 2830 814 2912; x_wconf 88' lang='lat' dir='ltr'><strong>loquimur,</strong></span> <span class='ocrx_word' id='word_1_92' title='bbox 829 2830 945 2915; x_wconf 86' lang='lat' dir='ltr'><strong>sugerit</strong></span> <span class='ocrx_word' id='word_1_93' title='bbox 959 2833 1069 2897; x_wconf 79' lang='lat' dir='ltr'><strong>invide</strong></span> 
     </span>
     <span class='ocr_line' id='line_1_19' title="bbox 114 2926 1057 3016; baseline 0.008 -27"><span class='ocrx_word' id='word_1_94' title='bbox 114 2926 210 2992; x_wconf 77' lang='lat' dir='ltr'><strong>Aetas.</strong></span> <span class='ocrx_word' id='word_1_95' title='bbox 254 2931 358 3013; x_wconf 81' lang='lat' dir='ltr'><strong>Carpe</strong></span> <span class='ocrx_word' id='word_1_96' title='bbox 373 2928 467 3015; x_wconf 84' lang='lat' dir='ltr'><strong>diem,</strong></span> <span class='ocrx_word' id='word_1_97' title='bbox 484 2949 585 3011; x_wconf 83' lang='lat' dir='ltr'><strong>quam</strong></span> <span class='ocrx_word' id='word_1_98' title='bbox 600 2930 774 2994; x_wconf 90' lang='lat' dir='ltr'><strong>minimum</strong></span> <span class='ocrx_word' id='word_1_99' title='bbox 787 2930 919 2995; x_wconf 87' lang='lat' dir='ltr'><strong>credula</strong></span> <span class='ocrx_word' id='word_1_100' title='bbox 934 2943 1057 3016; x_wconf 82' lang='lat' dir='ltr'><strong>postero</strong></span> 
     </span>
    </p>
   </div>
   <div class='ocr_carea' id='block_1_8' title="bbox 266 3128 953 3193">
    <p class='ocr_par' dir='ltr' id='par_1_11' title="bbox 266 3128 953 3193">
     <span class='ocr_line' id='line_1_20' title="bbox 266 3128 953 3193; baseline 0.007 -14"><span class='ocrx_word' id='word_1_101' title='bbox 266 3128 294 3179; x_wconf 83' lang='lat' dir='ltr'><strong>C.</strong></span> <span class='ocrx_word' id='word_1_102' title='bbox 306 3130 339 3179; x_wconf 82' lang='lat' dir='ltr'><strong>xi.</strong></span> <span class='ocrx_word' id='word_1_103' title='bbox 353 3133 374 3179; x_wconf 89' lang='lat' dir='ltr'><strong>l.</strong></span> <span class='ocrx_word' id='word_1_104' title='bbox 390 3132 520 3193; x_wconf 64' lang='lat' dir='ltr'><strong>quaesieris</strong></span> <span class='ocrx_word' id='word_1_105' title='bbox 530 3131 600 3188; x_wconf 83' lang='lat' dir='ltr'><strong>scire,</strong></span> <span class='ocrx_word' id='word_1_106' title='bbox 610 3128 685 3179; x_wconf 75' lang='lat' dir='ltr'><strong>nesus</strong></span> <span class='ocrx_word' id='word_1_107' title='bbox 817 3134 842 3183; x_wconf 78' lang='lat'><strong>⁴.</strong></span> <span class='ocrx_word' id='word_1_108' title='bbox 859 3130 953 3183; x_wconf 68' lang='lat' dir='ltr'><strong>mnne</strong></span> 
     </span>
    </p>
   </div>
   <div class='ocr_carea' id='block_1_9' title="bbox 0 0 1376 4250">
    <p class='ocr_par' dir='ltr' id='par_1_12' title="bbox 0 0 1376 4250">
     <span class='ocr_line' id='line_1_21' title="bbox 0 0 1376 4250; baseline 0 7"><span class='ocrx_word' id='word_1_109' title='bbox 0 0 1376 4250; x_wconf 95' lang='lat' dir='ltr'><strong> </strong></span> 
     </span>
    </p>
   </div>
  </div>
 </body>
</html>
