2742 4250
487 265 607 314 LIBER.
658 264 688 314 (i.
714 265 752 314 IL

277 423 421 487 Imbellis
435 442 475 486 ac
489 421 605 486 firmus
618 421 757 504 parum?

233 526 353 587 Comes
366 521 490 586 minore
505 541 580 585 sum
594 520 724 584 futurus
739 521 774 584 in
788 530 886 601 metu,

276 624 348 695 Qui
362 623 464 707 major
477 622 627 685 absentes
641 621 739 684 habet
750 642 759 699 3

236 725 287 805 Ut,
303 722 451 786 assidens
465 720 677 804 implumibus
691 721 798 803 pullis,
814 721 885 783 avis

275 821 481 904 Serpentium
494 820 640 902 allapsus
655 819 747 884 timet

238 920 342 1003 Magis
356 919 482 999 relictis,
498 938 573 999 non,
589 928 626 981 ut
639 918 733 998 adsit,
749 918 853 982 auruli

276 1020 399 1084 Latura
413 1019 488 1102 plus
503 1018 733 1101 praesentibus.

238 1118 386 1182 Libenter
400 1119 462 1181 hoe
476 1128 508 1180 et
523 1137 618 1180 omne
634 1116 823 1180 militabitur

275 1218 405 1281 Bellum
419 1219 453 1280 in
468 1228 544 1281 tuae
558 1235 649 1298 spem
664 1217 793 1298 gratiae,

238 1318 309 1381 Non
324 1328 361 1381 ut
371 1317 521 1401 juvencis
536 1315 661 1398 illigata
674 1315 821 1398 pluribus

275 1418 391 1480 Aratra
405 1417 552 1490 nitantur
565 1435 648 1494 mea,

235 1517 380 1578 Pecusve
395 1514 541 1578 Calabris
556 1524 631 1577 ante
646 1513 738 1575 sidus
753 1513 914 1577 fervidum

274 1616 412 1679 Lucana
426 1624 530 1678 mutet
543 1614 683 1697 pascum,

233 1715 347 1797 Neque
363 1725 399 1777 ut
414 1714 545 1797 superui
559 1713 639 1776 villa
652 1711 796 1775 candens
810 1712 950 1776 Tusculi

277 1815 412 1877 Circaea
426 1821 539 1896 tangat
553 1813 692 1876 moenia.
1083 1812 1126 1874 30

233 1915 319 1979 Satis
334 1933 494 1996 superque
509 1933 561 1977 me
576 1911 758 1995 benignitas
774 1922 831 1974 tua

274 2014 420 2077 Ditavit:
442 2011 534 2076 haud
548 2031 713 2094 paravero,

236 2113 334 2186 Quod
350 2122 408 2177 aut
421 2132 550 2195 avarus,
561 2122 598 2176 ut
613 2113 778 2193 Chremes
791 2121 872 2176 terre.
886 2130 1037 2195 premam,

274 2215 460 2278 Discinctus
476 2224 534 2277 aut
548 2211 682 2295 perdam
696 2231 803 2296 nepos

492 2742 672 2804 CARMEN
702 2742 746 2804 IL

234 2970 353 3033 Beatus
367 2967 430 3048 ille,
446 2968 502 3049 qui
517 2968 627 3051 procul
642 2967 786 3051 negotiis

273 3067 320 3132 Ut
333 3067 438 3151 prisca
453 3087 532 3149 gens
546 3065 740 3147 mortalium,

234 3170 372 3233 Paterna
385 3188 460 3231 mra
474 3167 577 3231 bobus
591 3176 719 3229 exercet
734 3165 811 3246 suis,

275 3268 410 3338 Solutus
424 3266 513 3330 omni
527 3265 664 3344 foenore,

236 3367 347 3449 Neque
361 3366 522 3431 excitatur
536 3364 671 3428 classico
685 3363 778 3426 miles
794 3363 883 3443 truci,
1103 3366 1123 3428 5
1172 3410 1176 3417 .

274 3467 389 3549 Neque
403 3466 509 3529 horret
524 3465 642 3528 iratum
657 3483 754 3542 mare,

276 3668 317 3718 21.
334 3668 432 3717 uouuti
442 3668 483 3717 eit.
581 3666 621 3715 26.
640 3666 710 3714 meis.
808 3662 848 3712 28.
865 3677 962 3724 pasena.

236 3750 277 3801 29.
295 3748 366 3809 Ne03
382 3749 469 3810 supini,
481 3746 511 3797 de
522 3748 585 3812 conj.
701 3746 741 3795 ³4.
760 3741 860 3804 perdam
871 3756 898 3793 ut
909 3759 988 3800 neum
