2742 4250
442 279 554 330 arasa
577 279 602 330 a
650 281 685 332 a
711 282 762 332 vr.
1031 267 1102 338 253

76 439 136 503 Ac
150 438 231 501 bene
246 445 453 500 nummatum
468 436 597 500 decorat
611 437 755 502 Suadela
772 438 953 522 Venusque.

74 537 259 621 Mancipiis
273 536 416 619 locuples
430 545 503 618 eget
515 537 598 600 aeris
613 537 844 620 Cappadocum
860 557 935 602 rex:

73 640 136 704 Ne
151 638 250 703 fueris
263 636 318 700 hic
333 647 379 700 tu.
423 636 625 718 chlamydes
639 637 808 717 Lucullus,
825 648 861 700 ut
876 638 976 718 aiunt,
1062 641 1103 705 to

71 741 118 804 Si
137 747 243 821 posset
257 746 391 799 centum
405 755 522 798 scenae
536 736 695 818 praebere,
712 749 851 818 rogatuS,

71 841 156 908 Qut
170 856 304 920 possum
317 835 387 898 totl
401 834 465 899 ait:
484 845 594 898 tamen
604 846 637 897 et
647 855 811 918 quaeram,
823 847 863 916 et,
876 847 954 919 quot
969 838 1103 919 habebo,

74 939 234 1018 Mittam3
256 946 328 1018 post
341 934 453 1017 paullo
466 933 584 1014 scribit,
599 934 660 997 sibi
674 935 778 998 millia
792 935 936 1018 quinque

73 1038 167 1101 Esse
181 1035 271 1098 domi
284 1033 517 1116 chlamydum;
540 1044 673 1116 partem,
690 1033 741 1096 vel
757 1034 880 1097 tolleret
893 1055 1015 1099 omnes.

74 1136 195 1198 Exilis
208 1134 325 1197 domus
339 1144 397 1213 est,
414 1133 469 1198 ubi
483 1152 550 1195 non
564 1143 597 1195 et
610 1133 715 1196 multa
731 1143 912 1217 supersunt,
1062 1135 1104 1200 45

73 1237 132 1300 Et
146 1235 317 1298 domiuum
331 1232 458 1312 fallunt,
473 1241 506 1295 et
518 1243 654 1315 prosunt
667 1231 803 1296 iuribus
848 1233 935 1318 Ergo

72 1338 119 1402 Si
136 1355 188 1399 res
201 1333 271 1397 sola
285 1343 390 1415 potest
403 1331 509 1396 lacere
522 1342 556 1394 et
569 1351 696 1396 servare
711 1331 852 1413 beatum,

75 1437 158 1500 Hoc
172 1434 296 1517 primus
309 1442 434 1516 repetas
448 1450 539 1514 opus,
556 1431 618 1494 hoc
632 1442 813 1514 postremus
827 1433 965 1496 omittas.

74 1537 120 1600 Si
136 1534 336 1598 fortunatum
350 1531 473 1614 species
486 1540 519 1593 et
534 1531 637 1613 gratia
652 1541 800 1613 praestat,

77 1634 269 1696 Mercemur
283 1651 421 1712 servum,
437 1630 495 1713 qui
509 1630 608 1694 dictet
621 1631 763 1710 nomina,
780 1632 910 1696 laevum
1063 1632 1104 1695 50

77 1732 157 1803 Qui
172 1730 290 1794 fodicet
304 1731 399 1810 latus,
414 1742 446 1794 et
460 1740 554 1813 cogat
568 1741 657 1793 trans
672 1731 816 1814 pondera
830 1731 979 1794 dextram

78 1831 267 1912 Porrigere:
289 1831 353 1893 Hic
366 1829 508 1893 multum
523 1830 557 1893 in
571 1829 676 1894 Fabia
691 1829 787 1908 valet,
802 1830 856 1892 ille
871 1830 1004 1910 Velina;

79 1930 152 1994 Cui
167 1930 244 1992 libet
259 1929 286 1991 is
301 1927 406 1991 fasces
419 1927 517 2009 dabit,
532 1928 707 2012 eripietque
723 1928 835 1992 curule

81 2031 153 2094 Cui
167 2029 254 2091 volet
268 2029 470 2112 importunus
484 2029 572 2091 ebur.
616 2029 738 2109 Frater,
754 2039 843 2112 pater
858 2027 960 2110 adde;

80 2133 134 2195 Ut
147 2131 265 2213 cuique
280 2140 329 2191 est
343 2138 441 2210 aetas,
457 2129 502 2191 ita
515 2148 679 2212 quemque
695 2127 819 2194 facetus
835 2129 961 2213 adopta.
1063 2130 1104 2192 55

83 2232 134 2311 Si,
149 2231 231 2293 bene
245 2230 302 2311 qui
316 2240 439 2308 coenat,
454 2230 536 2294 bene
550 2229 639 2309 vivit,
655 2229 750 2311 lucet,
766 2249 881 2293 eamus

81 2332 168 2401 Quo
181 2329 278 2391 ducet
292 2328 389 2411 gula;
413 2328 581 2410 piscemur,
596 2348 760 2408 venemur,
776 2339 813 2391 ut
827 2329 902 2391 olim

82 2430 260 2513 Gargilius,
275 2429 332 2511 qui
346 2448 443 2491 mane
457 2428 580 2511 plagas,
595 2429 766 2509 venabula,
782 2448 890 2491 servos

83 2529 261 2593 Differtum
275 2528 409 2591 transire
424 2527 530 2591 sorum
544 2528 765 2610 populumque
776 2528 919 2611 jubebat,

84 2631 184 2694 Unus
198 2628 393 2692 utemultis
408 2628 526 2710 populo
541 2637 705 2710 spectante
721 2626 847 2691 referret
1063 2628 1104 2693 60

82 2730 245 2810 Emptum
261 2727 372 2791 mulus
386 2746 510 2809 aprum.
554 2725 654 2790 Grudi
671 2725 849 2808 tumidique
865 2727 1020 2805 lavemur,

82 2827 182 2900 Quid
195 2827 316 2908 deceat,
332 2826 412 2908 quid
427 2846 501 2905 non,
517 2826 614 2906 obliti,
631 2827 756 2889 Caerite
771 2846 845 2888 cera

82 2928 198 3015 Digni,
213 2927 384 3009 remigium
398 2925 552 2988 vitiosum
566 2926 747 2989 Ithacensis
762 2924 880 3004 Ulixei,

83 3027 152 3091 Cui
167 3026 269 3109 potior
281 3026 385 3108 patria
400 3024 461 3088 luit
476 3022 644 3088 interdicta
658 3024 818 3107 voluptas

83 3129 133 3206 Si,
149 3126 364 3189 Mimnermus
379 3125 426 3187 uti
439 3133 557 3203 censet,
574 3124 644 3186 sine
659 3143 767 3186 amore
777 3123 922 3207 jocisque
1064 3122 1103 3187 65

84 3225 143 3290 Nil
158 3234 207 3287 est
216 3223 410 3308 jucundum,
425 3224 519 3286 vivas
535 3224 568 3286 in
583 3243 691 3285 amore
701 3222 856 3307 jocisque.

87 3327 178 3403 Vive,
194 3323 286 3387 vale!
330 3322 459 3406 siquid
476 3323 594 3386 novisti
608 3322 725 3385 rectius
740 3322 818 3403 istis,

87 3423 258 3487 Candidus
273 3423 397 3507 imperti
412 3444 419 3505 ;
444 3423 470 3486 si
486 3442 559 3503 non,
576 3423 626 3485 his
642 3435 730 3485 utero
745 3441 884 3485 meeum.

469 3624 507 3673 δῖ.
526 3622 600 3680 ducit,
612 3621 727 3672 Orellr'ua
