2742 4250
474 261 593 310 LIBER.
645 261 682 311 (l.⁷
700 261 766 310 XII.

188 419 295 484 Simul
310 417 444 480 calentis
460 417 698 481 inverecundus
713 417 794 480 deus

229 518 415 582 Fervidiore
430 539 517 581 mero
532 538 651 581 arcana
665 527 825 601 promorat
840 519 918 580 loco,

188 618 317 696 Quodsi
332 620 413 680 meis
428 620 588 681 inaestuet
602 617 794 700 praecordiis
1084 620 1121 681 lo

154 799 158 805 .
229 719 348 782 Libera
362 719 444 798 bilis,
460 729 497 781 ut
511 719 592 781 haec
607 718 734 799 ingrata
745 719 853 780 uentis
868 716 993 780 dividat

190 819 349 880 Fomenta
363 818 486 880 vulnus
501 817 546 879 nil
562 818 687 879 malum
703 817 854 896 levantia,

231 917 366 1004 Desinet
380 918 557 998 imparibus
572 927 692 979 certare
708 927 889 978 summotus
906 915 1017 997 pudor.

190 1015 252 1078 Ubi
267 1017 348 1078 haec
364 1037 496 1082 severus
512 1028 542 1088 te
557 1017 667 1098 palam
682 1016 902 1094 laudaveram,

230 1116 349 1180 Jussus
364 1116 451 1178 abire
465 1116 608 1194 domum,
625 1115 748 1178 ferebar
763 1117 882 1177 incerto
897 1116 977 1197 pede
1085 1115 1125 1177 2¹]

190 1215 240 1277 Ad
256 1235 321 1278 non
336 1217 466 1296 amicos,
483 1216 548 1277 heu
565 1216 644 1276 mihi
660 1226 766 1296 postes
781 1225 812 1277 et
827 1215 892 1277 heu

194 1306 197 1310 ¹
231 1316 362 1378 Limina
377 1315 467 1394 dura,
482 1316 603 1396 quibus
618 1314 745 1377 lumbos
760 1325 792 1376 et
807 1313 920 1397 infregi
936 1315 1030 1377 latus.

192 1415 221 1476 N
225 1435 297 1494 unc,
313 1414 477 1496 gloriantis
492 1415 671 1497 quamlibet
684 1414 909 1476 mulierculam

230 1515 365 1577 Vincere
380 1515 521 1594 mollitie,
537 1535 627 1576 amor
642 1515 771 1596 Lycisci
787 1535 838 1576 me
854 1525 939 1578 tenet
952 1539 959 1595 ;

193 1614 284 1677 Unde
300 1613 451 1696 expedire
466 1634 532 1676 non
547 1615 726 1676 amicorum
740 1625 860 1695 queant
1083 1613 1123 1674 25

232 1714 348 1776 Libera
362 1714 497 1776 consilia
512 1733 572 1776 nec
587 1715 801 1776 contumeliae
817 1735 942 1796 graves,

189 1813 254 1877 Sed
268 1814 353 1876 alius
368 1813 461 1876 ardor
475 1824 532 1875 aut
546 1814 674 1895 puellae
689 1814 846 1876 candidae

231 1914 299 1977 Aut
314 1913 419 1975 teretis
434 1914 524 1995 pueri
539 1913 671 1996 longam
685 1914 869 1982 renodantis
885 1933 1021 1978 comam

474 2431 653 2491 OARMEN
682 2432 759 2491 XII.

322 2615 370 2656 IN
404 2616 529 2656 ANUM
565 2616 907 2659 LIBIDINOSAM.

171 2776 261 2851 Quid
277 2777 333 2838 tibi
349 2778 407 2856 viS,
423 2778 539 2839 mulier
554 2779 653 2861 nigris
668 2779 858 2861 dignissima
873 2782 997 2846 barris?

167 2898 171 2902 ·
211 2876 351 2939 Munera
365 2876 444 2957 quid
460 2878 554 2956 milri,
566 2877 686 2958 quidve
702 2879 839 2941 tabellas'
934 2899 939 2909 “

170 2974 280 3055 Minio,
297 2995 356 3038 nec
373 2976 465 3038 firmo
475 2978 597 3060 juveni,
614 2998 719 3058 neque
735 2974 821 3039 naris
837 2980 975 3052 obesae?

210 3075 362 3156 Namque
378 3078 528 3158 sagacius
544 3097 631 3139 unus
647 3077 766 3156 odoror,

173 3173 315 3255 Polypus
330 3195 374 3237 an
389 3177 497 3256 gravis
512 3177 644 3239 hirsutis
659 3178 755 3240 cubet
771 3180 879 3241 hircus
896 3180 928 3240 in
943 3180 1011 3258 alis
1048 3218 1050 3222 ·
1103 3181 1121 3241 6
1219 3169 1221 3174 ⁵

211 3273 326 3342 Quam
340 3276 431 3335 canis
446 3296 527 3355 acer,
544 3278 599 3338 ubi
614 3277 712 3339 lateat
727 3298 792 3340 sus.

171 3373 257 3442 Quis
273 3373 370 3435 sudor
385 3375 478 3436 vietis
493 3387 525 3436 et
539 3396 639 3457 quam
654 3377 762 3439 malus
778 3376 921 3457 undique
938 3374 1089 3439 membris

212 3474 334 3535 Crescit
348 3473 433 3552 odor,
449 3495 551 3555 quum
567 3496 647 3557 pene
663 3477 767 3538 soluto
941 3476 943 3481 ’

277 3675 315 3722 15.
334 3674 461 3721 inaestuat,
531 3677 568 3723 l'l.
587 3676 725 3723 allevantia.
780 3676 832 3738 Ι24.
851 3675 959 3723 mollitia.

398 3816 414 3864 9
489 3755 518 3805 C.
531 3759 565 3805 xii
584 3758 607 3805 2.
626 3772 667 3805 cur
678 3756 746 3805 milri.
