2742 4250
604 265 858 317 EPISTOLARUH

581 567 794 630 urrsrom
822 567 882 654 rx..

419 768 477 809 An
506 767 759 810 calvorum
791 769 1038 812 NERONEM.

302 945 486 1028 Septimius
502 945 630 1025 Claudi,
646 945 801 1009 nimirum
816 946 966 1028 intelligit
980 968 1076 1028 unus,

198 1112 200 1116 ,
260 1046 388 1116 Quanti
403 1065 455 1107 me
470 1045 590 1108 facias:
613 1065 692 1108 nam
707 1065 784 1108 curn
799 1056 889 1128 rogat
904 1056 936 1108 et
950 1067 1044 1129 prece
1059 1049 1152 1131 cogit,

260 1145 398 1225 Scilicet,
414 1154 452 1207 ut
465 1144 523 1207 tibi
538 1164 573 1207 se
589 1143 723 1206 laudare
738 1155 770 1207 et
785 1144 908 1207 tradere
924 1166 1028 1224 coner,

260 1244 408 1327 Dignum
421 1253 529 1306 monte
544 1243 704 1326 domoque
720 1244 855 1326 legentis
869 1245 1006 1308 honesta
1021 1246 1166 1328 Neronis,

260 1343 395 1407 Munere
409 1363 486 1405 cum
502 1342 594 1425 fungi
609 1343 761 1426 propioris
776 1355 886 1406 censet
900 1346 1005 1424 amici,
1217 1348 1237 1410 5

259 1441 352 1514 Quid
367 1443 487 1525 possim
502 1442 591 1504 videt
605 1463 644 1505 ac
659 1443 750 1505 novit
765 1463 817 1505 me
832 1443 963 1506 valdius
979 1446 1056 1526 ipso.

259 1541 367 1605 Multa
381 1541 513 1622 quidem
528 1541 606 1620 dixi,
622 1561 681 1603 cur
695 1552 873 1605 excusatus
888 1544 1027 1606 abirem:

259 1640 325 1704 Sed
342 1640 444 1720 timui,
460 1660 534 1703 mea
549 1661 590 1702 ne
606 1640 741 1703 finxisse
756 1643 881 1704 minora
896 1653 1033 1724 putarer,

260 1740 488 1803 Dissimulator
502 1739 571 1822 opis
586 1741 737 1822 propriae,
754 1741 835 1803 mihi
850 1741 1040 1804 commodus
1056 1743 1121 1805 uni.

258 1840 313 1903 Sic
327 1858 396 1920 ego,
413 1840 541 1924 majoris
556 1837 684 1921 fugiens
699 1839 866 1921 opprobria
881 1839 1004 1921 eulpae,
1200 1844 1236 1908 1⁰

260 1941 388 2003 Frontis
402 1939 444 2002 ad
461 1940 603 2002 urbanae
618 1938 769 2002 descendi
785 1940 936 2022 praemia.
981 1941 1109 2011 Quodsi

259 2039 451 2122 Depositum
466 2039 581 2101 laudas
596 2039 637 2101 ob
652 2039 749 2101 amici
759 2040 853 2123 jussa
866 2039 1031 2120 pudorem,

258 2140 367 2203 Scribe
382 2140 430 2203 tui
446 2140 550 2222 gregis
565 2140 663 2219 hune,
679 2149 712 2202 et
727 2138 839 2202 sortem
854 2139 947 2202 crede
962 2141 1159 2223 bonumque.

583 2734 796 2797 EPISTOLA
827 2734 865 2795 X

449 2952 504 2995 An
534 2950 716 2994 FUSCUM
747 2948 1002 2992 salarium.

302 3146 396 3210 Urbis
411 3154 587 3207 amatorem
602 3144 750 3206 Fuscum
765 3142 889 3203 salvere
899 3141 1053 3225 jubemus

259 3246 355 3311 Ruris
369 3254 536 3322 amatores,
551 3243 614 3305 hac
630 3243 663 3304 in
679 3262 712 3304 re
727 3240 848 3304 scilicet
863 3259 931 3302 una

260 3345 402 3409 Multum
416 3343 596 3423 dissimiles,
611 3351 645 3403 at
659 3350 764 3404 cetera
778 3360 881 3424 paene
896 3340 1033 3423 gemelli,

183 3502 190 3525 ,
260 3443 421 3509 Fratemis
436 3442 562 3523 animis,
578 3439 738 3523 quidquid
754 3450 853 3522 negat
868 3440 956 3519 alter,
972 3449 1005 3502 et
1019 3438 1106 3517 alter,

262 3543 444 3608 innuimus
459 3544 575 3627 pariter
590 3540 692 3605 vetuli
708 3540 841 3622 notique
856 3538 1007 3602 columbi.
1216 3538 1232 3597 b

602 3743 629 3792 Ε.
641 3759 666 3792 x.
677 3744 702 3792 3.
720 3740 751 3790 ad
763 3748 853 3791 cetera.
