2742 4250
443 250 553 317 noan
577 266 632 319 na
682 266 713 318 o.
738 268 827 319 xxv.
1069 251 1138 321 1⁰5

473 514 653 629 clausu
688 566 789 630 XXV.

442 782 503 824 ΔΙ)
540 782 819 827 Bacca-uu.

183 976 266 1047 Quo
280 994 343 1055 me,
359 975 496 1056 Bacche,
511 975 597 1059 rapis
613 976 661 1039 tui

228 1074 393 1140 Plenum?
413 1094 498 1157 quae
513 1092 645 1139 nemora
659 1084 719 1139 aut
733 1095 815 1158 quos
829 1065 907 1161 agn
924 1077 958 1142 in
973 1096 1098 1161 specus,

185 1176 290 1240 Velox
305 1184 413 1238 mente
427 1175 536 1239 noval
557 1175 677 1258 quibus

229 1274 340 1339 Antris
354 1274 474 1357 egregii
488 1274 637 1338 Caesaris
652 1275 768 1339 audiar

184 1375 365 1439 Aeternum
379 1374 540 1437 meditans
556 1374 656 1438 decus

228 1474 339 1539 stellis
354 1464 490 1536 inserere
506 1484 537 1536 et
551 1474 686 1537 consilio
700 1474 817 1539 Jovisl

187 1575 308 1638 Dicam
322 1574 457 1656 insigne,
473 1593 592 1653 recens,
609 1574 718 1637 adhuc

228 1673 396 1737 Indictum
410 1692 463 1735 ore
478 1672 550 1735 alio.
595 1672 668 1737 Non
685 1694 778 1737 secus
793 1675 827 1737 in
837 1675 926 1759 jugis

187 1772 367 1836 Exsomnis
382 1758 489 1855 stupet
503 1772 614 1852 Evias,

228 1872 377 1935 Hebrum
391 1870 585 1955 prospiciens
599 1881 631 1934 et
645 1872 721 1935 nive
735 1871 909 1935 candidam
1103 1876 1140 1943 10

186 1972 343 2035 Thracen
357 1990 396 2034 ac
411 1970 492 2054 pede
505 1970 640 2034 barbaro

228 2071 417 2136 Lustratam
432 2069 622 2154 Rhodopen,
638 2080 675 2136 ut
691 2070 772 2134 mihi
787 2070 882 2136 devio

186 2172 290 2254 Ripae
304 2179 337 2234 et
351 2189 495 2234 vacuum
510 2189 626 2233 nemus

229 2269 342 2334 Mirari
356 2269 441 2333 libes
486 2269 515 2332 Ο
531 2268 697 2333 Naiadum
710 2279 823 2353 potens

185 2369 458 2450 Baccharumque
472 2367 653 2431 valentium

229 2468 382 2531 Proceras
396 2466 548 2530 manibus
562 2476 683 2530 vertere
698 2466 849 2549 fraxinos,

187 2566 243 2633 Nil
258 2579 397 2649 parvum
411 2576 468 2629 aut
482 2565 601 2629 humili
616 2566 720 2648 modo,

229 2666 285 2730 Nil
299 2665 433 2729 mortale
448 2665 571 2748 loquar.
615 2665 721 2730 Dulce
735 2667 915 2750 periculum
928 2678 986 2750 est,

187 2765 218 2829 Ο
234 2765 371 2844 Lenaee,
387 2764 478 2846 sequi
493 2763 593 2827 deum

231 2864 423 2947 (lingentem
437 2862 530 2926 viridi
546 2873 688 2946 tempora
702 2865 864 2948 pampino.
954 2907 956 2911 -
1096 2869 1139 2932 2⁰

319 3075 351 3128 C.
362 3093 419 3130 m.
431 3079 456 3128 2.
473 3080 571 3142 quaein
582 3094 692 3130 nemora.
791 3079 814 3130 6.
833 3079 945 3132 ooucilhr.

552 3159 591 3214 η
607 3175 637 3212 ιο
649 3159 716 3210 milri
