2742 4250
412 287 522 337 arana
546 287 571 337 1.
621 288 655 338 a
680 289 746 338 vn.
1019 270 1090 340 255

112 445 241 511 Reddas
257 444 354 508 dulce
370 444 466 526 loqui,
482 443 596 507 reddes
611 443 712 507 ridere
727 444 879 507 decorum
894 455 925 508 et

111 545 200 608 luter
213 545 293 606 vina
308 542 424 626 sugam
439 544 578 607 Cinarae
594 563 735 608 moerere
749 553 921 626 protervae.

112 646 209 708 Forte
224 663 281 726 per
295 652 471 725 angustam
486 643 594 705 tenuis
608 643 784 726 vulpecula
799 644 914 706 rimam

111 744 269 825 Repserat
284 742 317 804 iu
332 760 500 804 cumeram
514 740 675 821 frumenti,
692 752 848 823 pastaque
864 762 974 805 rursus
1048 743 1090 807 3⁰

112 843 163 905 Ire
177 841 264 904 sores
278 841 375 922 pleno
390 839 541 902 tendebat
555 859 683 922 corpore
699 839 817 902 frustra
830 863 837 922 ;

113 941 177 1003 Cui
192 940 334 1003 mustela
347 939 467 1021 procul,
490 940 525 1004 si
541 940 599 1020 vis,
615 941 668 1019 ait,
684 940 824 1022 effugere
839 941 941 1019 istinc,

113 1037 227 1102 Macra
241 1059 362 1102 cavum
377 1040 499 1120 repetes
514 1049 629 1118 artum,
646 1059 745 1120 quem
759 1059 869 1101 macra
884 1036 1008 1103 subisti

114 1137 186 1200 Hac
201 1157 262 1220 ego
276 1138 304 1200 si
319 1137 493 1219 compellor
508 1139 657 1220 imagine,
673 1148 793 1201 cuncta
808 1157 952 1220 resrgrro;

113 1237 182 1300 Nec
198 1255 352 1299 somnum
367 1237 469 1318 plebis
486 1236 591 1316 laude,
608 1249 698 1300 satur
712 1237 860 1317 altilium,
876 1257 936 1301 uec
1049 1237 1091 1300 3⁵

114 1337 191 1399 Otia
206 1334 328 1398 divitiis
342 1337 490 1399 Arabum
504 1335 664 1399 liberrima
679 1346 779 1399 muto.

113 1437 218 1518 Saepe
233 1434 456 1497 verecundum
470 1434 630 1517 laudasti;
653 1455 776 1517 rexque
790 1445 945 1518 paterque

113 1534 245 1597 Audisti
259 1553 376 1613 coram,
392 1553 453 1596 nec
467 1535 564 1597 verbo
578 1535 707 1617 parcius
721 1534 857 1598 absens:

114 1633 251 1715 Inspice,
267 1633 294 1694 si
309 1652 442 1714 possum
456 1632 576 1696 donata
591 1652 741 1715 reponere
757 1633 870 1696 laetus.

114 1731 215 1793 Haud
229 1731 316 1793 male
331 1731 562 1812 Telemachus,
577 1732 680 1814 proles
695 1733 846 1813 patientis
863 1732 990 1795 Ulixei:
1049 1731 1091 1794 tu

114 1829 188 1892 Non
204 1841 253 1891 est
267 1840 363 1911 aptus
377 1831 469 1911 equis
484 1831 596 1893 Ithace
611 1830 711 1910 locus,
726 1841 764 1893 ut
778 1851 884 1912 neque
899 1829 1005 1912 planis

115 1930 284 1991 Porrectus
300 1929 419 2011 spatiiS,
434 1948 495 1991 uec
510 1930 632 1992 multae
647 1929 802 2012 prodigus
817 1930 953 2009 herbae3

114 2026 235 2106 Atride,
251 2027 357 2108 magis
371 2037 447 2109 apta
462 2028 518 2090 tibi
533 2038 590 2091 tua
605 2027 692 2090 dona
706 2029 896 2109 relinquam.

115 2128 258 2190 Parvum
274 2148 374 2209 parva
388 2128 510 2192 decent.
555 2128 637 2193 Mihi
648 2131 719 2213 jam
733 2148 799 2191 nou
813 2128 902 2210 regia
915 2128 1031 2206 Roma,

116 2226 181 2289 Sed
196 2246 341 2288 vacuum
357 2226 463 2290 Tibur
477 2227 583 2310 placet
596 2238 655 2290 aut
670 2226 798 2290 imbelle
814 2228 1005 2291 Tarentum.
1050 2227 1090 2291 ta

116 2325 275 2388 Strenuus
290 2336 322 2387 et
336 2325 425 2389 sortis
439 2327 611 2408 causisque
625 2326 797 2409 Philippus
812 2326 946 2408 agendis

117 2423 244 2503 Clarus,
258 2423 301 2485 ab
315 2422 429 2487 officiis
444 2436 594 2487 octavam
608 2425 733 2488 circiter
746 2426 857 2487 horam

117 2522 209 2585 Dum
224 2520 313 2601 redit,
329 2533 427 2605 atque
444 2525 526 2587 Foro
540 2524 681 2587 uimium
695 2524 815 2587 distare
829 2524 966 2587 Carinas

117 2622 192 2686 Jam
207 2622 338 2704 grandis
352 2634 433 2686 natu
447 2622 597 2705 queritur,
613 2624 791 2706 conspexit,
806 2634 843 2686 ut
857 2623 958 2702 aiunt,

116 2721 282 2784 Adrasum
296 2722 461 2803 quendam
476 2742 582 2785 vacua
597 2724 732 2786 tonsoris
746 2723 781 2786 in
795 2722 918 2801 umbra,
1050 2720 1092 2784 50

118 2820 258 2883 Cultello
272 2821 412 2904 proprior
426 2832 622 2904 purgantem
637 2822 750 2885 leuiter
764 2841 900 2903 ungues.

119 2919 385 3001 Demetri-puer
399 2920 452 2985 hio
467 2941 533 2985 uon
548 2921 639 2984 laeve
649 2922 744 3004 Jussa
758 2921 900 3003 Philippi

120 3019 409 3101 decipiebat-abi,
424 3040 542 3102 quaere
557 3031 588 3083 ct
603 3020 692 3097 refer,
707 3019 795 3083 uude
810 3019 913 3099 domo,
929 3019 1011 3100 quis,

119 3118 222 3202 CuJus
236 3116 391 3199 fortunae,
407 3139 472 3201 quo
487 3119 528 3182 sit
542 3130 630 3201 patre
646 3138 752 3200 quove
766 3127 907 3201 patrono.

120 3218 156 3296 lt,
171 3217 253 3279 redit
267 3227 299 3278 et
313 3229 429 3297 narrat,
446 3218 613 3283 Vulteium
628 3217 759 3280 nomine
775 3217 918 3296 Menam,
1051 3219 1091 3281 55

120 3317 324 3395 Praeconem,
340 3317 429 3381 tenui
444 3336 553 3397 censu,
569 3318 638 3379 sine
653 3317 794 3396 crimine,
810 3327 932 3396 uotum,

121 3416 163 3479 Et
178 3436 343 3499 properare
358 3416 427 3479 loco
441 3426 474 3481 et
487 3436 612 3481 cessare
628 3426 659 3480 et
673 3436 826 3499 quaerere
839 3427 871 3481 et
886 3418 933 3480 uti

120 3516 324 3581 Gaudentem
338 3517 510 3601 parvisque
526 3516 691 3581 sodalibus
706 3526 738 3579 et
753 3517 819 3581 lare
833 3527 919 3580 certo

496 3748 534 3799 28.
553 3746 669 3799 nitedula.
