2742 4250
646 195 844 282 oianmuu

605 533 785 596 OARMEN
807 533 888 594 XVI

585 749 647 791 ΔΙ)
683 748 918 792 ΔΜῙΟΑΜ.

411 941 441 1005 0
456 951 557 1004 matre
571 941 708 1024 pulchra
722 940 791 1004 filia
805 939 974 1024 pulchrior,

410 1041 520 1111 Quem
535 1040 716 1104 criminosis
729 1044 860 1122 cunque
873 1039 962 1102 voles
977 1038 1110 1103 mudrnn

451 1140 556 1204 Pones
572 1140 697 1219 iambis,
714 1139 783 1202 sive
798 1138 933 1202 flamma

493 1239 570 1302 sive
583 1237 665 1301 marr
679 1237 757 1301 libet
771 1236 947 1300 Hadriano.
1039 1221 1048 1238 ’

410 1434 484 1499 Non
499 1434 716 1517 Dindymene,
731 1451 797 1498 non
812 1434 919 1516 adytis
934 1435 1038 1516 quatit

411 1534 556 1597 Mentem
570 1531 773 1596 sacerdotnm
788 1533 895 1596 incola
910 1534 1058 1615 Pythius,

420 1675 427 1686 ,
452 1631 526 1696 Non
540 1632 637 1696 Liber
651 1650 763 1714 aeque,
779 1651 845 1695 non
860 1642 959 1695 acuta

494 1732 549 1796 Sic
564 1731 732 1814 geminant
746 1732 947 1815 Corybantes
962 1752 1047 1803 aera,

410 1931 535 1995 Tristes
549 1941 586 1994 ut
600 1932 673 2013 irae,
690 1951 773 2014 quas
787 1951 894 2014 neque
909 1930 1047 1996 Noricus

412 2031 556 2094 Deterret
569 2031 664 2112 ensis,
679 2051 740 2094 nec
754 2051 843 2094 mare
856 2029 1063 2113 naufragum,

453 2129 521 2195 Nec
537 2150 655 2193 saevus
669 2130 762 2211 iguis,
777 2150 838 2193 nec
852 2129 1018 2193 tremendo

496 2228 620 2311 Jupiter
635 2229 703 2311 ipse
718 2248 815 2291 ruens
830 2228 983 2292 tumultu.

412 2429 527 2491 Fertur
540 2426 760 2506 Prometheus,
776 2426 893 2490 addere
908 2425 1043 2509 principi

411 2526 506 2589 Limo
520 2535 653 2588 coactus
667 2525 862 2607 particulam
875 2524 1021 2609 undiquc

452 2625 633 2704 Desectam,
649 2634 681 2687 ct
695 2624 803 2689 insani
817 2624 919 2689 leonis

495 2724 570 2787 Vim
584 2724 751 2787 stomacho
765 2725 952 2808 apposuisse
965 2734 1082 2789 nostro.

410 2923 480 2986 Irae
495 2923 666 3006 Thyesten
680 2923 779 2987 exitio
793 2924 885 3007 gravi

410 3022 567 3102 Stravere,
582 3032 615 3085 et
626 3023 703 3086 altis
716 3024 851 3087 urbibus
866 3022 1000 3086 ultimae

452 3121 573 3184 Stetere
586 3140 715 3202 causae,
730 3142 788 3185 cur
801 3122 938 3205 perirent

494 3218 667 3301 Funditus,
682 3220 939 3304 imprimeretque
953 3220 1056 3285 muris

411 3418 534 3485 Hostile
549 3426 693 3482 aratrum
706 3420 866 3483 exercitus
880 3418 1031 3484 insolens.

409 3518 585 3601 Compesce
599 3528 743 3583 mentem
751 3540 761 3604 ς
783 3539 836 3583 me
850 3539 979 3603 quoque
996 3530 1130 3603 pectoris

600 3718 629 3771 Ο.
640 3721 690 3771 xvi.
702 3720 727 3771 8.
745 3721 781 3780 st,
792 3720 822 3770 de
834 3723 897 3785 conj.
