2742 4250
228 249 302 317 000
554 262 605 312 nn
629 261 727 310 11111
752 257 915 314 romara·

238 467 242 474 ·
267 419 465 485 Mandantur
474 419 588 504 juveni
603 429 718 502 partes
734 437 898 503 pueroque
912 415 1030 500 viriles,

268 521 403 603 Semper
417 519 451 582 in
465 519 628 604 adjunctis
641 521 999 601 aevoquemorabimur
1013 521 1107 603 aptis.

270 621 337 682 Aut
350 619 458 702 agitur
472 638 522 680 res
538 618 570 681 in
585 619 699 698 scenis,
711 629 774 681 aut
788 619 861 682 acta'
876 613 1017 682 refertur.

269 719 408 802 Segnius
424 718 547 782 irritant
561 718 687 780 animos
701 717 843 781 demissa
859 739 914 801 per
928 739 1049 798 aurem,
1188 719 1254 782 180
1357 713 1358 718 ’

269 820 384 889 Quam
398 837 483 900 quae
493 828 575 880 sunt
589 817 692 880 oculis
707 819 851 901 subjecta
866 817 1025 898 fidelibus,
1040 829 1073 880 et
1087 837 1172 899 quae

272 920 342 1002 lpse
358 918 419 980 sibi
433 916 530 980 tradit
544 927 712 1000 spectator.
757 918 831 982 Non
847 929 956 980 tamen
972 918 1059 980 intus

271 1019 380 1099 Digna
395 1017 461 1098 geri
476 1036 602 1100 promes
616 1017 649 1078 in
665 1015 807 1096 scenam,
823 1017 992 1098 multaque
1008 1017 1114 1079 tolles·
1224 1073 1227 1077 .
1246 1009 1250 1014 ’

275 1116 325 1179 Ex
340 1116 452 1195 oculis,
466 1136 552 1197 quae
566 1135 644 1196 mox
658 1125 767 1191 narret
781 1115 937 1180 facundia
951 1135 1120 1198 praesens:

273 1215 320 1279 Ne
335 1234 451 1298 pueros
464 1234 573 1279 eoram
587 1214 709 1297 populo-
718 1215 837 1278 Medea
852 1216 996 1294 trucidet,
1162 1215 1254 1282 ,185

271 1317 338 1379 Aut
352 1315 500 1377 humana
513 1313 623 1397 palam
637 1324 757 1396 coquat
771 1325 848 1377 exta
862 1314 1005 1378 nefarius
1020 1317 1144 1394 Atreus,
1257 1321 1263 1350 ²

271 1416 338 1478 Aut
352 1415 386 1477 in
401 1434 498 1476 avem
511 1414 638 1496 Progne
651 1424 804 1494 vertatur,
820 1413 968 1478 Cadmus
983 1416 1017 1478 in
1031 1407 1184 1497 anguem.

271 1513 502 1595 Quodcunque
517 1512 659 1576 ostendis
673 1513 756 1576 milri
770 1513 826 1592 sic,
841 1513 1028 1577 incredulus
1042 1514 1118 1576 odi.·

272 1613 362 1676 Neve
377 1612 489 1691 minor,
504 1631 570 1676 neu
585 1612 626 1676 sit
639 1613 754 1694 quinto
768 1612 949 1695 productior
963 1625 1039 1676 actu

273 1711 409 1791 Fabula,
425 1731 510 1794 quae
525 1712 613 1794 posci
627 1712 701 1775 vult
714 1723 747 1774 ct
761 1723 904 1795 spectata
918 1715 1037 1796 reponi.
1189 1715 1253 1777 190
1357 1779 1358 1792 ,

272 1812 341 1875 Ν11
355 1811 438 1875 deus
451 1812 582 1891 intersit,
598 1811 662 1876 nisi
673 1811 795 1894 dignus
809 1812 943 1886 vindice
955 1812 1060 1876 nodus

270 1911 433 1991 Inciderit,
449 1931 510 1979 nec
524 1907 642 1992 quarta
656 1911 744 1993 loqui
760 1931 895 1993 persona
911 1913 1040 1976 laboret.

275 2012 398 2075 Actoris
414 2021 522 2093 partes
534 2012 652 2074 chorus
666 2010 878 2092 officiumque
893 2012 985 2075 virile

274 2109 445 2194 Defendet,
460 2110 621 2193 neuquid
637 2110 760 2175 medios
776 2112 946 2187 intercinat
961 2122 1061 2192 actus,

274 2210 376 2279 Quod
390 2230 455 2273 non
471 2212 632 2293 proposito
644 2211 813 2273 conducat
823 2222 855 2274 et
869 2212 1000 2275 haereat
1015 2224 1089 2295 apte
1162 2252 1165 2259 ·
1190 2212 1250 2274 loe

275 2310 334 2373 llle
348 2310 440 2373 bonis
456 2309 628 2392 faveatque
642 2322 675 2373 et
689 2312 874 2374 consilietur
887 2314 1000 2392 amice,
1256 2301 1259 2307 ¹

251 2468 255 2474 .
275 2409 320 2481 Et
334 2418 424 2491 regat
438 2409 543 2488 iratos,
558 2420 590 2473 et
604 2419 692 2473 amet
708 2430 837 2491 peccare
852 2412 1018 2491 timentes;

276 2509 335 2571 Ille
350 2508 450 2592 dapes
466 2508 577 2575 laudet
591 2529 724 2572 mensae
738 2511 852 2589 brevis,
869 2511 922 2573 ille
939 2510 1100 2573 salubrem

276 2608 294 2673 J
299 2608 440 2670 ustitiam
455 2608 606 2690 legesque
621 2619 652 2671 11
667 2610 787 2690 apertis
800 2611 865 2671 otia
880 2612 996 2691 portis3

276 2707 334 2770 llle
350 2718 435 2789 tegat
450 2709 633 2787 commissa,
648 2708 791 2790 deosque
806 2720 952 2791 precetur
967 2719 998 2771 et
1012 2720 1087 2789 oret,
1187 2710 1248 2773 200

276 2807 321 2871 Ut
335 2808 443 2892 redeat
457 2808 590 2887 miseris,
606 2809 702 2871 abeat
717 2807 846 2871 fortuna
861 2810 1014 2891 superbis.
1038 2854 1041 2857 -

244 2903 247 2910 ’
275 2908 373 2973 'l'ibia
389 2926 462 2986 non,
479 2918 515 2969 ut
530 2926 627 2986 nunc,
642 2909 803 2970 orichalco
821 2905 929 2968 vincta
945 2912 1106 2983 tubaeque

277 3009 424 3089 Aemula,
433 3008 498 3071 sed
513 3009 619 3072 tenuis
634 3008 836 3091 simplexque
851 3010 1006 3071 foramine
1021 3028 1134 3089 pauco,
1153 3048 1155 3051 -

278 3107 450 3191 Adspirate
464 3117 496 3169 et
511 3107 624 3171 adesse
638 3108 745 3171 choris
759 3118 827 3170 erat
842 3108 938 3187 utilis,
955 3100 1052 3187 atque

278 3206 433 3271 Nondum
448 3206 551 3289 spissa
565 3207 663 3271 nimis
676 3206 837 3288 complere
852 3207 965 3270 sedilia
981 3206 1081 3269 flatu:
1188 3206 1247 3267 ‘2⁰5

278 3307 356 3375 Quo
371 3326 449 3368 sane
464 3305 604 3387 populus
618 3306 837 3387 numerabilis,
853 3316 961 3389 utpote
976 3326 1105 3389 parvus,

280 3403 323 3475 111
337 3401 423 3487 frugi
436 3413 612 3485 castusque
627 3404 893 3487 verecundusque
908 3406 1022 3468 coibat.

281 3505 457 3587 l'cstquam
471 3503 573 3586 coepit
588 3524 681 3587 agros
697 3504 869 3567 extendere
884 3504 992 3583 victor,
1009 3514 1042 3566 et
1057 3505 1169 3599 urbem
1275 3558 1279 3565 .

420 3738 475 3791 tut.
491 3735 845 3804 commemorentur.
911 3733 969 3783 202.
983 3734 1075 3797 juncta.
1172 3762 1175 3767 „
1226 3758 1246 3766 .·
