2742 4250
470 242 581 292 arnan
604 244 629 292 1.
679 243 707 292 s.
736 243 770 292 11.
1068 221 1139 297 lta
1227 289 1233 300 r

162 401 203 464 Sc
216 400 337 483 probet,
353 419 392 460 ac
407 399 513 480 potius
528 399 640 464 laudet
654 399 781 464 diversa
796 409 975 480 sequentes

160 499 326 581 Quodque
341 499 448 561 aliena
462 499 588 583 capella
602 510 691 582 gerat
706 499 877 563 distentius
892 501 978 579 uber,
1076 500 1137 563 110

160 600 335 679 'labescat
352 618 457 680 neque
472 620 506 662 se
522 600 633 684 majori
648 600 875 682 pauperiorum

160 699 294 761 'I'urbae
308 709 479 780 comparet,
493 700 581 762 hunc
596 709 694 780 atque
709 700 797 762 hunc
813 719 962 782 superare
976 695 1116 764 laboret..

159 799 211 862 Sic
227 797 395 862 festinanti
410 818 536 880 semper
550 799 736 880 locupletior
750 799 876 861 obstat:

158 897 209 977 m,
225 917 307 960 cum
321 898 504 960 carceribus
518 898 633 960 missos
648 898 732 979 rapit
746 897 872 979 ungula
886 916 1010 976 currite,

158 998 262 1061 Instat
276 997 371 1078 equis
386 997 499 1078 auriga
514 1017 590 1060 suos
606 997 819 1076 vincentibus,
832 997 926 1059 illum
1076 994 1137 1056 115

158 1097 372 1160 Praeteritum
388 1106 535 1159 temnens
550 1108 710 1158 extremos
725 1097 962 1159 intereuntem.

159 1197 237 1260 Inde
254 1196 301 1276 fit,
317 1206 355 1258 nt
368 1216 447 1276 raro,
463 1197 569 1278 quise
585 1197 706 1258 vixisse
721 1197 852 1258 beatum

159 1296 265 1374 Dicat,
281 1304 315 1357 et
329 1306 443 1357 exacto
457 1306 629 1359 contentus
645 1306 794 1377 tempore,
810 1295 878 1356 vita

159 1393 271 1474 Cedat,
287 1395 336 1457 uti
350 1395 489 1458 conviva
504 1406 602 1474 satur,
618 1395 751 1477 reperire
766 1414 980 1476 queamus.-

158 1494 233 1559 Jam
248 1495 329 1557 satis
343 1505 400 1558 est.
446 1493 496 1558 Ne
511 1516 564 1558 me
579 1495 719 1577 Crispini
735 1494 852 1556 scrinia
868 1493 946 1576 lippi
1075 1491 1136 1556 120

159 1595 360 1678 Compilasse
375 1603 477 1678 putes,
492 1596 629 1658 verbum
643 1614 709 1658 non
725 1593 865 1676 amplius
880 1592 1009 1656 addam.

508 2202 669 2262 SATIBA
703 2201 747 2263 ΙΙ.

200 2440 460 2504 Ambubaiarum
474 2440 617 2523 collegia,
633 2440 910 2524 pharmacopolae,

160 2540 310 2622 Mendici,
325 2542 454 2619 mimae,
471 2540 660 2621 balatrones,
675 2541 736 2603 boc
753 2561 856 2623 genus
871 2561 966 2603 omne

160 2640 322 2704 Moestum
337 2661 375 2702 ac
390 2639 564 2703 sollicitum
579 2651 627 2703 est
641 2641 780 2703 cantoris
795 2650 894 2703 morte
909 2640 1049 2723 Tigellt3

160 2742 291 2825 Quippe
307 2740 468 2823 benignus
483 2750 559 2803 erat.
603 2740 723 2803 Contra
738 2740 800 2820 hic,
813 2760 853 2803 ne
868 2738 1021 2821 prodigus
1036 2758 1106 2800 esse

160 2842 295 2905 Dicatur
310 2831 466 2921 metuens,
482 2841 569 2923 inopi
584 2840 659 2903 dare
674 2840 754 2903 nolit
768 2840 881 2918 amico,
1115 2838 1134 2899 5

160 2942 278 3025 Frigus
294 2961 359 3022 quo
374 2939 554 3023 duramque
570 2940 690 3003 famem
705 2938 876 3022 propellere
891 2938 999 3021 possit.

159 3040 257 3104 Hunc
272 3041 300 3102 si
314 3041 515 3121 perconteris,
531 3040 584 3103 avi
600 3050 769 3120 curatque
785 3039 924 3121 parentis

158 3139 362 3203 Praeclaram
378 3140 503 3222 ingrata
518 3140 653 3222 stringat
668 3139 776 3202 malus
792 3138 935 3221 ingluvie
951 3158 1027 3217 rem,

159 3240 280 3303 Omnia
294 3238 461 3302 conductis
472 3246 624 3303 coemens
639 3240 773 3302 obsonia
788 3238 952 3301 nummis:

158 3338 315 3403 Sordidus
330 3349 427 3420 atque
441 3340 542 3402 animi
557 3339 642 3421 quod
660 3339 750 3421 parvi
765 3337 844 3400 nolit
859 3337 979 3416 haberi,
1099 3336 1134 3394 it

159 3437 362 3520 Respondet:
385 3439 540 3502 laudatur
554 3440 596 3502 ab
610 3440 670 3519 his,
687 3439 837 3520 culpatur
851 3438 893 3500 ab
908 3438 979 3499 illis.

161 3538 311 3601 Putidus
326 3558 452 3622 vappae
466 3538 590 3603 famam
605 3540 695 3601 timet
710 3559 748 3602 ac
764 3538 941 3615 nebulonis

284 3739 337 3789 11³.
355 3738 441 3789 obstet.
511 3742 563 3788 119.
581 3742 654 3788 vitoe.
722 3738 746 3787 S.
761 3739 785 3787 ii.
799 3736 822 3785 li.
841 3736 966 3798 depellere.
