2742 4250
242 252 307 322 162

664 271 810 320 EPODON

352 427 481 490 Unxere
497 436 615 489 matres
630 428 710 490 Iliae
725 427 891 490 addictum
907 427 981 490 feris

350 527 491 589 Alitibus
506 537 602 607 atque
616 528 754 589 canibus
770 528 967 590 homicidam
985 530 1164 610 Hectorem,

350 627 524 706 Postquam
542 626 658 688 relictis
673 627 841 689 moenibus
857 647 913 689 rex
929 627 1062 708 procidit

349 726 443 787 Heu!
467 727 643 807 pervicacis
659 724 702 787 ad
717 725 814 808 pedes
829 727 975 790 Achillei.

349 826 462 887 Setosa
476 824 565 888 duris
580 845 698 887 exuere
713 825 850 906 pellibus

349 925 514 988 Laboriosi
529 925 664 1006 remiges
679 925 796 1004 Ulixei,

349 1025 482 1087 Volente
497 1025 599 1104 Circa,
616 1025 778 1087 membra:
802 1035 880 1087 tnnc
896 1044 988 1088 mens
1003 1035 1035 1087 et
1050 1045 1148 1088 sonus

348 1124 509 1206 Relapsus
524 1138 621 1205 atque
637 1134 732 1186 notus
748 1125 781 1187 in
797 1125 908 1187 vultus
924 1125 1032 1187 horror.

349 1223 434 1285 Dedi
450 1224 528 1284 satis
543 1243 703 1304 superque
718 1243 895 1305 poenarum
910 1225 975 1304 tibi,

348 1324 467 1384 Amata
482 1325 590 1384 nautis
606 1323 747 1385 multum
762 1333 794 1385 et
810 1324 1013 1386 institoribus
1208 1325 1252 1387 20

252 1443 255 1448 ·
348 1423 449 1503 Fugit
458 1425 622 1505 juventas
638 1433 670 1484 et
685 1423 888 1486 verecundus
904 1424 990 1485 color

348 1522 491 1602 Reliquit
505 1542 579 1583 ossa
594 1522 676 1604 pelle
693 1523 812 1584 amicta
827 1522 951 1604 lurida;

349 1621 435 1683 'l'uis
450 1621 586 1702 capillus
606 1622 701 1684 albus
717 1632 765 1683 est
779 1621 938 1701 odoribur,

348 1719 488 1782 Nullum
504 1722 545 1782 ab
561 1721 666 1782 labore
681 1740 733 1782 me
749 1721 882 1783 reclinat
895 1723 1014 1784 otium:

348 1820 448 1902 Urget
463 1819 549 1881 diem
564 1838 629 1880 uox
645 1829 677 1880 et
692 1819 760 1880 dies
775 1831 910 1899 noctem,
928 1841 1033 1901 neque
1049 1832 1097 1882 est
1209 1823 1250 1885 25

349 1921 472 1982 Levare
488 1929 579 1981 tenta
594 1919 708 2000 spiritu
723 1919 915 2000 praecordia.

349 2020 436 2100 Ergo
451 2027 607 2099 negatum
622 2018 733 2079 vincor
748 2028 784 2080 ut
799 2017 928 2080 credam
943 2019 1046 2098 miser,

348 2117 478 2181 Sabella
492 2127 603 2199 pectus
619 2117 782 2199 increpare
797 2117 949 2198 carmina,

349 2218 520 2298 Caputque
536 2216 645 2277 Marsa
660 2216 799 2278 dissilire
814 2217 920 2279 nenia.
1362 2284 1363 2299 χ

349 2315 441 2384 Quid
456 2315 596 2395 amplius
611 2315 684 2377 vis?
729 2315 870 2395 Omarc,
886 2336 905 2378 o
921 2316 1021 2379 terra!
1045 2316 1149 2395 ardeo,
1210 2318 1251 2379 30

349 2416 524 2483 Quantum
539 2432 643 2494 neque
658 2424 726 2475 atro
742 2413 904 2477 delibutus
921 2415 1075 2477 Hercules

348 2516 441 2579 Nessi
456 2534 574 2593 cruore,
589 2534 649 2576 nec
664 2515 782 2577 Sicana
797 2512 920 2577 fervida

349 2615 461 2676 Virens
477 2614 510 2674 irr
526 2614 632 2674 Aetna
647 2612 799 2693 flamma3
824 2623 868 2693 tu,
886 2612 986 2675 donec
1002 2614 1083 2675 cinis

349 2714 514 2796 lnjuriosis
529 2711 639 2773 aridus
654 2712 760 2773 ventis
776 2711 864 2790 ferar,

350 2813 445 2874 Cales
460 2811 594 2873 venenis
609 2810 738 2872 officina
755 2811 924 2873 Colchicis,
1209 2813 1250 2876 35

351 2912 447 2979 Quae
463 2910 538 2972 finis
554 2920 613 2971 aut
627 2909 715 2991 quod
731 2932 782 2971 me
798 2920 908 2972 manet
924 2909 1118 2992 stipendium
1132 2910 1141 2974 ,¹

350 3010 477 3072 Effare:
495 3011 604 3092 jussas
620 3029 697 3071 cnm
714 3009 777 3071 fide
792 3029 912 3091 poenas
928 3009 1026 3089 luam,

297 3119 305 3135 '
350 3112 488 3172 Paratus
503 3109 641 3189 expiare,
658 3128 715 3171 seu
731 3110 910 3191 poposceris

350 3210 491 3269 Centum
501 3210 666 3290 juvencos
682 3208 750 3269 sive
765 3207 914 3269 mendaci
930 3208 1000 3289 lyra

351 3307 447 3368 Voles
462 3306 587 3369 sonari:
611 3316 646 3368 tu
661 3306 790 3388 pudica,
807 3318 842 3369 tu
857 3309 956 3389 proba

352 3404 594 3468 Perambulabis
609 3415 695 3467 astra
710 3404 800 3467 sidus
815 3426 964 3476 aureum„

352 3503 489 3567 Infamis
504 3504 648 3566 Helenae
664 3505 777 3567 Castor
792 3504 934 3568 offensus
950 3506 1055 3567 vicem

371 3676 408 3722 ll.
427 3672 528 3721 Luxere.
598 3674 636 3723 18.
655 3672 764 3722 Relatus.
842 3675 881 3724 30.
901 3675 1001 3723 Omare
1014 3682 1038 3723 et
1052 3684 1113 3723 terra

515 3752 554 3802 33.
572 3754 682 3813 Fureus3
698 3770 770 3803 urens
856 3756 893 3805 42.
912 3758 973 3804 vioe.
