2742 4250
645 261 843 310 cumanum

558 545 737 608 GARMEN
768 543 937 606 XXXVII.

606 758 657 800 ΔΙ)
688 757 889 800 somnus,
958 769 962 775 ·

411 949 507 1014 Nunc
521 959 570 1012 est
583 948 768 1027 bibendum,
783 966 872 1010 nuno
886 945 967 1028 pede
977 880 1105 1015 bbero)<

411 1047 578 1112 Pulsanda
591 1047 695 1128 tellus,
710 1067 800 1110 nunc
814 1045 992 1111 Saliaribus

453 1148 575 1212 Omare
590 1145 741 1230 pulvinar
755 1145 889 1209 deorum

454 1305 456 1310 .
495 1246 642 1328 Tempus
659 1255 727 1309 erat
741 1245 887 1330 dapibus,
902 1241 1053 1306 sodales.v
1077 1304 1079 1309 .

411 1442 559 1506 Antehac
573 1442 664 1505 nefas
679 1441 861 1526 depromere
876 1440 1064 1504 Caecubum

409 1541 508 1604 Gellio
522 1542 625 1622 avitia,
641 1540 721 1604 dum
736 1541 912 1626 Capitolio
963 1614 966 1620 ¹

280 1701 282 1705 Α
411 1671 414 1675 ’
451 1640 577 1722 Regina
592 1639 756 1703 dementes
771 1640 881 1703 ruinas

492 1741 608 1802 Funus
622 1749 654 1800 et
668 1738 799 1821 imperio
813 1737 948 1820 parabat

407 1938 633 2002 Contaminato
647 1957 726 2001 oum
740 1957 834 2024 grege
849 1936 992 2019 turpium

408 2037 520 2100 Morbo
534 2038 683 2116 virorum,
699 2036 856 2119 quidlibet
869 2035 1027 2117 impotens

450 2138 591 2219 Sperare,
607 2136 800 2218 fortuneque
815 2134 904 2199 dulei

492 2234 600 2297 Ebria.
644 2233 710 2297 Sed
724 2234 841 2298 minuit
855 2233 994 2297 furorem

409 2431 470 2496 Vix
485 2451 554 2494 una
568 2450 677 2514 sospes
692 2432 786 2512 nauis
801 2433 843 2495 ab
859 2432 995 2513 ignibus,

406 2532 614 2613 Mentemque
630 2531 836 2613 lymphatam
850 2531 1023 2594 Mareotico

449 2628 632 2712 Redegit'in
647 2649 739 2693 veros
755 2630 883 2693 timores
998 2707 1000 2709 v

492 2728 619 2809 Caesar,
635 2730 677 2793 ab
692 2728 787 2792 Italia
801 2728 965 2791 volantem
1017 2723 1020 2727 ’

405 2928 517 2993 Remis
532 2928 702 3013 adurgens,
717 2931 867 3013 accipiter
880 2928 972 2994 velut

405 3026 519 3089 Molles
533 3026 709 3110 columbae,
725 3040 783 3096 aut
797 3029 937 3111 leporem
949 3028 1033 3093 citus

445 3125 586 3189 Vena-tor
599 3127 634 3189 in
648 3128 773 3209 eampis
787 3127 905 3190 nivalis

488 3220 695 3304 Haemoniae,
711 3224 800 3288 daret
815 3234 851 3287 ut
865 3234 987 3288 eatenis

405 3421 521 3485 Fatale
535 3432 735 3487 monstrum:
757 3442 840 3505 quae
855 3422 1039 3504 generosius

404 3520 508 3583 Perire
522 3540 686 3603 quaerens,
702 3541 762 3585 neo
777 3521 971 3585 muliebriter
1097 3600 1100 3604 ¹

510 3718 538 3769 0.
551 3722 639 3769 xxxvii.
655 3720 693 3769 12.
711 3721 802 3771 Ebria:
820 3720 874 3779 aed,
885 3719 971 3770 Orelli.
