2742 4250
364 866 371 874 ’
415 916 452 997 o.
479 916 661 993 uomur
689 916 841 994 sulcu

260 1174 1002 1275 SATIRARUM

459 1456 597 1523 LIBER
628 1458 805 1524 PRIMUS.

545 1724 713 1734 ———.

528 1940 690 2003 smus
722 1941 745 2002 I.

209 2184 278 2254 tini
300 2181 346 2261 fit,
361 2183 545 2263 Maecenas,
560 2194 597 2245 ut
611 2202 716 2264 uem0‚
732 2201 832 2264 quam
848 2182 907 2246 sibi
923 2191 1039 2247 sortem

167 2280 232 2344 Seu
246 2283 327 2345 ratio
342 2281 464 2346 dederit
479 2302 538 2346 seu
552 2280 617 2346 fors
631 2281 785 2366 objecerit,
802 2280 857 2344 illa

169 2379 347 2445 Contentus
362 2383 461 2462 vivat,
478 2380 589 2445 laudet
603 2381 731 2444 diversa
746 2382 940 2463 sequentes?

167 2477 196 2540 0
210 2480 364 2545 fortunati
378 2481 590 2544 mercatores!
613 2481 722 2564 gravis
736 2481 831 2544 annis

169 2576 259 2642 Miles
275 2580 329 2659 ait,
345 2580 448 2644 multo
458 2580 529 2664 jam
543 2579 664 2644 fractus
678 2581 823 2643 membra
838 2580 952 2642 labore.
1122 2582 1140 2644 5

167 2678 286 2742 Contra
302 2690 465 2760 mercator,
481 2699 600 2743 navem
610 2681 808 2764 jactantibus
824 2679 958 2759 AustriS,

167 2776 281 2842 Militia
297 2789 345 2841 est
360 2778 469 2860 potior.
513 2779 605 2849 Quid
620 2780 732 2843 enunl
775 2779 1000 2842 Concurritur:
1024 2785 1120 2842 home

169 2877 331 2941 llonrento
346 2879 409 2940 cita
424 2898 509 2941 mors
525 2878 613 2942 venit
627 2889 685 2942 aut
700 2879 832 2958 victoria
848 2877 940 2940 laeta.

166 2977 349 3060 Agricolam
365 2976 478 3040 laudat
487 2979 569 3061 juris
584 2978 759 3060 legumque
774 2977 901 3061 peritus,

165 3077 234 3140 Sub
248 3076 327 3158 galli
342 3087 476 3140 cantum
491 3076 655 3140 consultor
670 3078 726 3141 ubi
741 3078 823 3140 ostia
838 3077 954 3159 pulsat.
1101 3081 1140 3144 lll

167 3175 230 3256 ule,
247 3176 333 3238 datis
348 3176 495 3257 vadibuS,
512 3177 568 3258 qui
584 3197 655 3240 rure
671 3188 835 3241 extractus
850 3179 884 3240 in
899 3179 1010 3241 urbem
1026 3191 1082 3259 ost,
1107 3171 1109 3176 ’

164 3275 255 3338 Solos
271 3273 381 3337 felices
396 3276 543 3338 viventes
558 3277 677 3340 clamat
693 3281 726 3340 in
742 3277 828 3340 urbe

164 3374 279 3437 (litera
293 3373 334 3436 de
349 3395 464 3457 genere
478 3376 548 3455 hoc,
565 3375 645 3439 adeo
661 3387 737 3440 sunt
753 3378 864 3457 multa,
881 3377 1050 3460 loquacem

165 3473 335 3536 llelassare
351 3475 460 3537 valent
476 3476 627 3538 Fabium.
671 3477 721 3540 Ne
736 3480 767 3540 te
783 3498 893 3559 morer,
910 3477 997 3558 sudi,

261 3675 287 3723 fl.
300 3673 352 3724 to.
369 3675 426 3726 ulla.
523 3681 548 3727 4.
566 3677 690 3736 armano
703 3679 765 3743 conj.
864 3677 888 3727 t.
905 3678 996 3728 mvint

365 3757 388 3806 8,
411 3755 535 3807 Memento
546 3769 587 3807 ant
599 3761 655 3807 cita.
757 3759 793 3807 10.
811 3767 892 3807 cantu.
