2742 4250
459 281 762 334 LIBERE-801.

93 441 231 505 Cervius
245 441 348 504 iratus
363 439 450 522 leges
464 440 632 503 minitatur
646 451 678 503 et
692 460 818 522 urnam,

92 541 233 604 Canidia
246 541 369 618 Albuti,
385 540 505 620 quibus
520 551 568 603 est
582 540 724 620 inimica,
740 560 914 622 venenum,

91 640 225 704 Grande
239 638 366 702 malum
380 639 513 718 Turius,
530 640 558 700 si
573 639 652 720 quid
668 659 703 702 se
714 639 823 722 judice
838 652 947 704 certes.

93 739 143 819 Ut,
159 759 229 821 quo
243 739 381 820 quisque
396 737 493 818 valet,
509 748 674 820 suspectos
691 749 814 819 terreat,
830 750 932 821 utque
1073 741 1116 805 5⁰

91 840 234 922 Imperet
248 839 311 912 hoc
322 847 442 900 natura
456 847 579 919 potens,
595 837 642 900 sic
656 837 770 920 collige
784 857 933 901 mecum:

91 939 201 1001 Dente
216 938 323 1020 lupus,
338 955 439 1000 cornu
454 947 566 1000 taurus
581 938 677 1019 petit:
699 937 796 1016 unde,
810 938 873 1001 nisi
887 939 976 1001 intus

93 1036 340 1101 Monstratuml
382 1037 529 1100 Scaevae
544 1037 693 1100 vivacem
707 1036 802 1100 crede
817 1039 925 1120 nepoti

92 1137 244 1217 Matrem,
260 1136 307 1200 nil
321 1135 418 1199 faciet
431 1136 561 1199 sceleris
574 1136 630 1218 pia
642 1135 777 1200 dextera
789 1157 797 1218 3
821 1136 947 1217 mirum,

94 1236 137 1299 Ut
146 1256 256 1319 neque
265 1235 355 1298 calce
364 1235 462 1318 lupus
470 1254 678 1317 quemquam,
685 1255 791 1318 neque
801 1235 896 1298 dente
905 1235 1063 1319 petitbos;
1076 1237 1115 1298 di

92 1335 160 1397 Sed
176 1335 265 1398 mala
280 1334 369 1398 tollet
383 1354 486 1397 anum
499 1334 612 1397 vitiato
626 1334 722 1397 melle
737 1335 853 1397 cicuta.

93 1433 144 1496 Ne
159 1434 298 1516 longum
313 1431 450 1496 seciam:
472 1451 531 1496 seu
545 1453 598 1496 me
613 1433 788 1516 tranquilla
803 1443 952 1497 senectus

10 1552 11 1565 ¹
95 1532 284 1615 Exspectat,
301 1552 359 1596 seu
374 1551 460 1594 mors
474 1533 552 1595 atris
566 1532 779 1596 circumvolat
794 1533 863 1613 alie,

98 1632 208 1712 Dives,
223 1634 325 1714 inops,
341 1632 473 1712 Romae,
489 1651 548 1695 seu
562 1631 627 1695 sors
642 1632 687 1695 ita
698 1633 837 1715 jusserit,
852 1633 956 1712 exsul,

78 1731 259 1812 ‚Quisquis
273 1731 331 1795 erit
345 1731 440 1811 vitae,
456 1731 604 1812 scribam,
619 1730 789 1795 colon—O
805 1751 891 1814 puer,
908 1741 945 1794 ut
959 1731 1003 1792 sis
1075 1729 1116 1790 60

95 1829 221 1910 Vitatis,
238 1842 356 1910 metue,
371 1840 404 1892 et
417 1831 576 1915 majorum
590 1851 631 1894 ne
646 1829 720 1913 quis
736 1831 861 1894 amicus
1006 1820 1008 1826 ¹

95 1930 228 2013 Frigore
245 1940 276 1992 te
291 1929 552 2002 feriat-Quid?
572 1949 650 1996 cum
664 1941 714 1994 est
727 1930 876 1995 Lucilius
890 1948 992 1994 ausus

97 2029 227 2093 Primus
242 2030 277 2092 in
292 2030 380 2092 himo
394 2030 499 2112 operis
513 2049 703 2113 componere
717 2030 862 2096 carmina
877 2048 1008 2108 morem,

97 2131 274 2193 Detrahere
288 2141 320 2191 et
334 2130 460 2212 pellem,
475 2130 598 2194 nitidus
612 2151 680 2213 qua
693 2131 832 2213 quisque
846 2150 902 2215 per
915 2142 972 2193 'ora

98 2230 241 2309 Cederet,
258 2229 430 2292 introrsum
445 2231 564 2312 turpis3
587 2251 669 2294 num
683 2230 816 2295 Laelius
831 2240 889 2295 aut
902 2229 972 2313 qui·
1075 2228 1117 2291 65

11 2317 12 2342 ³
99 2330 204 2393 Duxit
218 2330 262 2392 ab
276 2348 427 2412 oppressa
442 2330 592 2394 meritum
608 2331 806 2413 Carthagine
820 2344 948 2409 nomen,

97 2428 234 2512 Ingenio
249 2428 363 2491 offensi
378 2439 436 2491 aut
451 2430 539 2492 laeso
553 2430 684 2494 doluere
700 2431 831 2494 Metello

98 2528 313 2607 Pomosisque
327 2526 422 2609 Lupo
436 2539 583 2612 cooperto
598 2530 768 2601 versibus?
811 2529 912 2611 Atqui

96 2628 256 2692 Primores
271 2627 383 2709 populi
396 2628 530 2710 arripuit
544 2629 765 2711 populumque
781 2629 934 2709 tributim,

97 2729 228 2792 Scilicet
244 2727 302 2790 uni
317 2747 443 2809 aequus
458 2728 569 2792 virtuti
583 2738 682 2811 atque
696 2732 765 2813 ejus
780 2729 903 2793 amicis.
1077 2726 1119 2791 70

98 2828 191 2898 Quin
207 2827 264 2889 ubi
279 2847 314 2889 se
329 2848 350 2889 a
364 2827 465 2910 vulgo
479 2838 511 2891 ct
526 2849 624 2893 scena
638 2830 672 2893 in
689 2840 810 2893 secreta
824 2837 985 2891 remorant

98 2929 207 2991 Virtus
224 2925 396 3010 Scipiadae
410 2938 443 2990 et
457 2928 544 2991 mitis
559 2929 717 3011 sapientia
733 2928 834 3007 Lusit,

98 3028 128 3093 N
130 3027 224 3111 ugari
238 3046 317 3089 cum
331 3025 387 3088 illo
400 3037 432 3089 ct
446 3027 593 3091 discincti
610 3028 728 3108 ludere,
745 3027 848 3091 donec

99 3131 342 3211 Decoqueretur
355 3127 435 3207 olus,
449 3128 542 3191 soliti.
586 3127 759 3209 Quidquid
775 3148 849 3192 sum
864 3146 931 3209 ego,
948 3124 1100 3208 quamvis

100 3229 188 3294 [nfra
202 3227 311 3293 Lucill
326 3247 461 3296 censum
476 3228 717 3310 ingeniumque,
734 3238 842 3291 tamen
858 3247 911 3291 ms
1079 3226 1119 3289 75

100 3332 187 3393 Cum
202 3327 333 3409 magnis
347 3327 468 3391 vixisse
483 3328 584 3391 invita
600 3326 752 3390 fatebitur
766 3346 869 3408 usque

103 3427 240 3507 invidia,
255 3437 288 3489 et
302 3425 407 3509 fragili
422 3447 580 3508 quaerens
595 3426 716 3490 illidere
732 3426 870 3505 dentem,

103 3526 256 3591 offendet
269 3525 380 3606 solido,
396 3527 459 3589 nisi
473 3526 553 3609 quid
568 3538 614 3606 tu,
629 3526 723 3589 docte
739 3526 881 3605 Trebati,

388 3773 428 3823 u.
445 3772 647 3834 siquis-cenet.
714 3770 753 3821 os.
771 3778 854 3833 aqu
