2742 4250
521 591 681 653 SATIRA
709 591 747 654 X

160 833 287 912 Lucili,
304 855 407 919 quom
420 835 470 896 cis
484 835 667 913 morderes,
685 845 762 899 teste
781 836 911 916 Ceterae,

124 931 307 1016 ilq'emore
320 941 386 1010 tiro,
399 934 601 1017 percurram,
617 936 676 1019 qui
691 937 904 1024 malefactus
984 930 986 934 ’

122 1031 315 1102 Emendare
326 1041 430 1116 parat
444 1053 559 1096 verum
567 1056 583 1114 ;
602 1035 661 1098 hoc
674 1035 783 1099 lenius
797 1037 861 1114 ille,

15 1142 16 1157 ¹
111 1130 186 1193 Est
203 1153 267 1216 quo
282 1133 337 1195 vir
350 1132 474 1211 melior,
490 1133 589 1216 longe
603 1135 756 1198 soebtilior
767 1131 835 1213 illo,
865 1175 867 1180 ·

124 1229 197 1302 Qui
211 1232 360 1294 mullmn
371 1252 458 1315 puer
473 1241 504 1295 ct
519 1233 600 1296 loric
615 1241 646 1296 et
657 1235 807 1318 sonibus
821 1235 899 1308 udis
1120 1238 1140 1299 Β

119 1329 342 1410 Exhortatus,
357 1339 398 1394 ut
411 1340 494 1394 esset
508 1353 603 1416 opem
616 1334 675 1417 qui
687 1335 784 1416 serre
795 1336 902 1418 poetis

119 1429 282 1515 Antiquis
292 1439 404 1514 poscet
419 1439 533 1494 contra
545 1433 699 1515 fastidio
713 1441 835 1512 nostra,

124 1527 433 1593 Grammaticorum
441 1532 590 1615 equitum
599 1531 817 1596 doctissimus.
849 1532 892 1596 Ul
901 1534 1031 1597 redeam
1042 1533 1136 1597 illuc:

116 1626 246 1709 Nempe
262 1629 473 1710 incomposito
487 1627 557 1691 dixi
572 1629 653 1711 pede
667 1650 793 1694 currere
808 1650 922 1694 versus

15 1798 16 1813 χ
121 1726 238 1791 Lucili.
283 1728 371 1797 Quis
387 1738 455 1790 tam
469 1728 577 1791 Lucill
592 1727 699 1793 fautor
713 1731 818 1812 inepte
834 1740 890 1809 est,

15 1818 16 1823 ’
122 1825 164 1887 Ut
178 1846 248 1888 non
263 1827 326 1888 hoc
340 1825 502 1890 fateatur?
546 1828 588 1890 At
604 1827 699 1908 idem,
715 1828 804 1911 quod
818 1829 886 1890 sale
901 1830 1004 1892 multo

122 1924 243 1988 Urbem
258 1924 414 2005 defricuit,
429 1927 543 1988 charte
558 1926 710 1990 laudatur
724 1927 846 1990 eadem.

122 2023 188 2086 Nec
198 2035 308 2086 tamen
320 2024 382 2087 hoc
392 2025 542 2104 tribuens,
549 2025 692 2089 dederim
702 2046 831 2108 quoque
843 2037 961 2108 cetera3
974 2046 1052 2090 nam
1064 2027 1138 2090 oieb

121 2121 164 2186 Et
179 2125 298 2188 Laberl
312 2123 437 2203 mimos,
453 2135 490 2187 ut
505 2126 641 2207 pulchra
656 2138 816 2209 poemata,
832 2127 936 2190 mirer.

123 2224 208 2307 Ergo
224 2242 290 2286 non
305 2224 383 2285 satis
397 2234 454 2303 est,
470 2225 537 2287 risu
552 2225 703 2289 diducere
718 2227 835 2289 rictum

15 2323 16 2394 ζ
123 2324 286 2386 Auditoris
298 2333 383 2403 3-et
397 2334 446 2385 est
459 2324 623 2405 quaedam
638 2335 748 2387 tamen
764 2326 817 2388 hic
833 2346 961 2408 quoque
976 2327 1078 2389 virtus
1089 2348 1140 2391 :-

15 2443 16 2452 ¹
124 2424 182 2486 Est
195 2423 352 2486 brevitate
365 2442 455 2505 opus,
471 2434 509 2486 ut
522 2434 630 2487 currat
644 2426 812 2505 sententio,
828 2446 893 2489 neu
908 2446 943 2488 se

122 2522 282 2606 Impediat
295 2522 402 2584 verbis
417 2522 520 2585 lassas
534 2525 744 2587 onerantibus
758 2545 872 2606 aures3
1101 2527 1140 2588 10

15 2623 16 2626 ’
123 2622 166 2686 m
180 2640 328 2685 sermone
343 2640 424 2703 opus
438 2632 487 2685 est
502 2621 599 2685 modo
614 2623 702 2703 tristi,
720 2644 814 2705 saepe
825 2626 942 2707 jocoso,

14 2741 18 2768 ι
123 2720 324 2785 Deserrdente
339 2722 445 2784 vicem
459 2722 555 2784 modo
570 2722 702 2785 rhetoris
717 2734 814 2804 atque
830 2734 948 2805 poetae,

15 2839 16 2912 ss
125 2806 291 2886 luterduin
306 2822 429 2900 urbani,
445 2823 604 2903 parcentis
619 2823 741 2886 viribus
755 2834 852 2903 etque

124 2920 346 2984 Extenuantis
359 2941 415 2983 ees
429 2922 584 2983 consulto.
628 2922 818 2986 Ridiculum
832 2922 898 2983 acri

15 3041 16 3068 i
126 3020 253 3083 Fortius
267 3028 300 3082 et
313 3019 430 3082 melius
445 3040 584 3102 magnas
598 3020 787 3102 plerumque
803 3030 893 3084 secat
908 3040 966 3084 res
1088 3016 1141 3110 115

124 3120 183 3201 llli,
199 3120 320 3201 scripta
333 3119 453 3201 quibus
467 3119 634 3182 comoedia
649 3120 754 3202 prisce
768 3121 845 3183 viris
860 3130 916 3200 est,

127 3219 194 3282 Hoc
209 3219 348 3297 stabant,
364 3218 426 3280 hoc
442 3229 519 3281 sunt
533 3217 700 3299 imitandi3
723 3238 805 3300 quos
820 3239 924 3301 neque
939 3218 1071 3301 pulcher

127 3317 345 3399 Hermogenes
359 3336 507 3397 unquam
522 3317 607 3399 legit,
621 3337 728 3399 neque
743 3318 857 3381 simius
871 3320 939 3398 iste,

128 3416 180 3481 Nil
194 3426 318 3498 praeter
332 3415 474 3479 Calvum
490 3425 522 3478 et
536 3415 651 3479 doctus
665 3427 796 3479 cantare
812 3417 1032 3479 Catullum-
1057 3458 1060 3465 ι

128 3518 169 3579 At
182 3535 343 3598 magnum
358 3515 441 3594 lecit,
456 3516 544 3597 quod
559 3517 664 3579 verbis
679 3518 803 3579 Graeca
817 3516 943 3579 Latinis
1101 3516 1143 3577 20

15 3617 16 3654 i
129 3615 342 3679 Miscuit.—O
358 3616 419 3678 seri
434 3615 633 3679 studiorum!
657 3617 757 3697 quine
772 3616 893 3698 putetis
997 3662 1002 3669 .

131 3713 268 3777 Difficile
283 3725 315 3777 et
329 3715 457 3797 mimm‚
473 3716 601 3779 Rhodio
616 3716 703 3798 quod
722 3715 911 3791 Pitholeonti
