2742 4250
493 275 603 326 uranu
627 276 651 325 1.
702 276 736 325 rr.
762 277 797 325 x.
1079 257 1151 328 att

140 436 185 500 l'u
200 434 319 498 nidum
335 452 455 512 servae,
471 451 531 514 ego
546 431 645 495 laudo
660 432 743 495 ruris
757 432 885 494 amoeni

131 535 239 613 Nives,
256 543 288 596 et
303 551 417 599 musco
431 531 612 600 circumlita
627 551 710 593 saxa
725 550 914 612 nemusque.

129 633 222 705 Quid
237 632 390 716 quaeris?
412 631 489 695 vivo
505 641 536 694 et
551 649 657 712 regno,
674 629 771 693 simul
787 630 849 692 ista
863 627 985 711 reliqui,

128 735 227 803 Quae
243 752 303 795 vos
318 730 360 794 ad
375 730 504 793 coelum
519 729 606 792 fertis
622 748 748 792 rumore
764 729 915 810 seeundo,

128 833 239 915 thue
255 829 429 894 sacerdotis
446 829 613 911 fugitivus,
630 829 696 891 liba
711 849 840 892 recuso:
1111 831 1150 894 10

128 933 218 996 Pane
233 951 321 1013 egeo,
332 931 400 1014 jam
417 929 547 992 mellitis
563 929 681 1010 potiore
697 928 862 1010 placentis.

129 1031 244 1094 Vivere
259 1040 394 1091 naturae
410 1029 437 1090 si
452 1028 680 1090 convenienter
693 1038 823 1109 oportet,

129 1127 369 1209 ponendaeque
385 1127 481 1190 domo
496 1125 683 1209 quaerenda
698 1137 746 1189 est
761 1147 837 1189 area
851 1128 1000 1210 primum,

128 1228 298 1291 Novistine
316 1227 423 1290 locum
437 1228 592 1309 potiorem
607 1245 679 1290 rure
695 1227 812 1290 beato?

127 1327 189 1390 Est
205 1327 260 1389 ubi
276 1327 350 1408 plus
366 1337 495 1408 tepeant
509 1325 657 1389 hiemes?
679 1325 736 1389 ubi
752 1327 869 1409 gratior
883 1346 963 1389 aura
1106 1328 1146 1390 15

20 1415 23 1447 ³
128 1427 244 1512 Leniat
259 1438 290 1489 et
306 1427 427 1490 rabiem
443 1423 543 1489 Oanis
558 1435 590 1488 et
606 1436 773 1489 momenta
788 1425 915 1507 Leonis,

128 1527 214 1589 Cum
227 1527 330 1592 eornel
345 1526 468 1608 accepit
483 1524 584 1588 solem
599 1523 794 1588 furibundus
809 1525 967 1589 acutum?

130 1625 188 1688 Est
204 1625 260 1687 ubi
275 1624 408 1687 divellat
424 1643 556 1687 somnos
572 1624 682 1687 minus
698 1624 811 1688 invida
824 1625 927 1688 cural

130 1726 277 1788 Deterius
294 1724 424 1806 Libycis
438 1723 502 1787 olet
517 1733 575 1787 aut
589 1724 669 1788 uitet
683 1724 783 1787 herba
797 1724 937 1808 lapillis?

126 1824 241 1888 Purior
257 1825 290 1886 in
307 1824 386 1887 vicis
401 1844 489 1906 aqua
506 1823 608 1888 tendit
622 1844 772 1907 rumpere
787 1824 967 1906 plumbum,
1103 1825 1146 1888 20

126 1926 242 1994 Quam
256 1943 340 2005 quae
357 1943 413 2007 per
428 1921 565 2006 proudm
581 1923 718 2007 trepidat
732 1942 810 1986 cum
824 1942 987 1987 murmure
1002 1925 1133 1988 rivum?

127 2024 251 2106 Nempe
268 2023 352 2085 inter
366 2023 474 2085 varias
489 2022 631 2086 nutritur
647 2023 732 2085 silva
746 2022 924 2102 columnas,

128 2122 359 2205 Laudaturque
372 2122 499 2203 domus,
516 2122 628 2206 longos
642 2142 729 2206 quae
743 2122 894 2207 prospicit
908 2144 1011 2207 agros.

17 2230 18 2257 ³
127 2224 286 2288 Naturam
301 2223 444 2307 expellas
460 2222 559 2303 furca,
576 2233 686 2286 tamen
701 2242 806 2305 usque
820 2234 966 2303 recurret,

128 2323 169 2385 Et
184 2322 274 2386 mala
288 2332 471 2405 perrumpet
485 2320 597 2387 furtim
612 2322 745 2385 fastidia
758 2323 885 2387 victrix.
1102 2324 1144 2387 25

16 2432 17 2475 ἶ
125 2423 207 2503 Non,
224 2422 282 2504 qui
296 2421 430 2487 Sidonio
443 2421 634 2485 contendere
649 2422 790 2485 callidus
803 2434 887 2487 ostro

16 2582 18 2601 ,
124 2520 236 2584 Nescit
252 2520 452 2603 Aquinatem
466 2521 884 2604 potantiavellerafuoum

16 2694 17 2697 Ἴ
124 2621 252 2684 Certius
268 2620 404 2703 accipiet
419 2620 577 2685 damnum
593 2622 766 2704 propiusve
780 2623 941 2703 medullis,

124 2720 239 2788 Quam
253 2718 311 2801 qui
326 2739 391 2783 nou
406 2720 520 2802 poterit
534 2740 609 2787 vero
624 2720 821 2805 distinguere
836 2721 965 2786 salsum.

16 2808 17 2845 ³
124 2820 236 2888 Quem
252 2839 302 2881 res
316 2819 392 2903 plus
406 2820 507 2883 nimio
523 2819 724 2885 delectavere
738 2822 910 2902 secundae,
1099 2823 1143 2887 30

125 2919 272 2983 Mutatae
287 2920 442 3000 quatient.
486 2921 521 2985 Si
537 2921 617 3001 quid
633 2922 798 3002 mirabere,
813 2942 912 3005 pones

125 3018 262 3082 Invitus.
307 3020 400 3103 Fuge
416 3038 554 3103 magna:
578 3019 652 3085 iicet
667 3022 730 3084 sub
744 3040 883 3104 paupere
899 3030 981 3085 tecto

123 3116 229 3200 Reges
244 3127 276 3180 et
291 3137 405 3201 regum
421 3119 487 3181 vita
503 3137 705 3201 praecurrere
719 3120 851 3183 amicos.

125 3218 249 3281 Cervus
264 3237 387 3298 equum
402 3237 512 3302 pugna
528 3218 640 3281 melior
654 3220 883 3283 communibus
898 3220 1005 3284 herbis

127 3317 277 3397 Pellebat,
293 3316 406 3398 donec,
421 3318 526 3382 minor
541 3317 574 3380 in
589 3319 763 3382 certamine
779 3319 882 3403 longo,
1100 3321 1140 3384 35

127 3416 313 3498 Imploravit
327 3436 403 3499 opes
418 3417 568 3497 hominis,
584 3417 776 3500 frenumque
791 3419 926 3503 recepit:

125 3515 187 3578 Sed
204 3526 378 3599 postquam
392 3516 493 3581 victor
506 3516 631 3581 violens
645 3516 793 3581 discessit
807 3519 850 3581 ab
864 3519 964 3598 hoste,

446 3732 469 3781 9.
488 3730 585 3781 efferris.
651 3732 692 3781 24.
710 3730 824 3795 expelles
