2742 4250
151 282 163 308 ι
249 256 319 323 210
424 297 427 301 -
545 239 547 241 ’
644 274 859 327 srmnraun

246 429 376 493 Galloni
390 431 555 511 praeconis
570 442 638 494 erat
652 433 836 515 acipensere
851 454 966 499 mensa

245 528 390 591 Infamis.
433 529 549 599 Quid?
572 540 650 593 tunc
664 532 814 595 rhombos
829 534 939 597 minus
955 556 1093 617 aequora
1111 537 1295 603 alclanti

244 629 355 691 'I'utus
370 640 437 691 erat
452 630 607 692 rhombus
622 640 755 713 tutoque
770 633 895 696 ciconia
910 636 994 715 nido,

244 729 356 791 Donec
370 748 429 790 vos
444 739 556 791 auctor
570 728 680 792 docuit
694 734 879 812 praetorius.
923 735 1012 817 Ergo
1238 738 1290 800 50

243 829 278 891 Si
293 829 367 910 quis
381 848 470 890 nunc
486 849 611 910 mergos
627 850 746 893 suaves
761 832 896 895 edixerit
912 854 1009 914 assos,

244 929 370 990 Parebit
384 929 475 1009 pravi
491 928 604 991 docilis
618 930 769 992 Romana
779 932 947 1015 J'uventus.

242 1027 397 1090 Sordidus
413 1049 433 1089 a
448 1029 539 1091 tenui
554 1030 644 1091 victu
659 1030 800 1109 distabit,
817 1030 924 1095 Ofello

242 1128 261 1191 J
264 1127 374 1191 udice:
398 1148 475 1189 nam
491 1128 608 1191 frustra
622 1130 739 1192 vitium
754 1130 906 1194 vitaveris
921 1131 1012 1211 illud,

241 1228 276 1289 Si
292 1237 322 1289 te
338 1228 401 1289 alio
407 1248 545 1309 pravum
551 1228 726 1291 detorseris,
770 1230 961 1311 AvidienuS,
1230 1237 1279 1297 55

199 1387 202 1389 ,
242 1327 304 1388 Cui
320 1328 420 1389 Oanis
435 1348 477 1389 ex
491 1347 567 1389 vero
582 1328 707 1391 dictum
722 1350 901 1411 cognomen
917 1332 1079 1411 adhaeret,

242 1427 482 1507 Quinquennes
497 1428 585 1489 oleas
600 1439 695 1491 estet
711 1429 870 1492 silvestria
884 1422 991 1511 corna,

242 1527 289 1587 Ac
304 1527 366 1588 nisi
381 1537 544 1589 mutatum
558 1529 660 1609 parcit
674 1528 850 1592 defundere
865 1531 987 1609 vinum,
1004 1542 1043 1609 et,

242 1626 344 1709 Cujus
358 1625 487 1689 odorem
502 1627 564 1689 olei
579 1648 722 1709 nequeas
737 1628 1032 1711 perferre-licebit

243 1726 299 1787 llle
314 1727 441 1807 repotia,
457 1727 582 1789 natales
598 1728 720 1790 aliosve
735 1728 860 1791 dierum

243 1826 356 1888 Festos
371 1826 499 1889 albatus
513 1827 794 1891 celebret-cornu
809 1830 876 1911 ipse
891 1828 995 1891 bilibri

240 1927 398 1989 Caulibus
414 1927 555 2007 instillat,
571 1928 686 1990 veteris
702 1948 768 1991 non
782 1946 899 2010 parcus
915 1928 1005 1990 aceti.

240 2026 343 2095 Quali
358 2026 454 2107 igitur
468 2027 557 2088 victu
572 2028 700 2108 sapiens
715 2037 830 2107 utetur,
846 2028 1008 2089 ethorum

242 2127 356 2188 Utrum
371 2127 570 2188 imitabitur?
614 2128 686 2190 Hac
703 2139 795 2210 urget
810 2127 915 2210 lupus,
932 2128 994 2189 hac
1010 2127 1109 2207 caniS,
1126 2129 1229 2191 aiunt.

241 2223 387 2287 Mundus
402 2225 467 2306 erit,
482 2245 549 2307 qua
563 2245 629 2288 non
643 2227 785 2290 offendat
800 2227 947 2290 sordibus
962 2237 1060 2308 atque
1214 2231 1256 2292 65

242 2324 278 2386 ln
293 2335 442 2387 neutram
457 2335 580 2406 partem
595 2326 703 2389 cultus
719 2327 823 2390 miser.
867 2328 930 2390 Hic
945 2347 1050 2408 neque
1066 2328 1174 2407 servis,

240 2423 352 2486 Albutt
367 2424 453 2486 senis
467 2425 625 2506 example,
641 2425 722 2489 dum
736 2427 849 2489 munia
865 2426 953 2505 didit,

240 2525 366 2586 Saevus
381 2524 447 2603 erit,
463 2543 523 2586 nec
538 2525 593 2604 sic,
610 2535 647 2586 ut
662 2525 800 2607 simplex
815 2525 969 2605 Naevius
986 2536 1121 2587 unctam
1279 2591 1285 2603 ,

241 2623 395 2685 Convivis
410 2625 573 2705 praebebit
588 2643 727 2705 aquam:
743 2625 860 2688 vitium
875 2625 936 2686 boc
948 2645 1033 2706 quoq
1039 2646 1076 2687 ue
1089 2645 1248 2708 magnum.

240 2721 359 2803 Accipe
373 2741 471 2802 nunc,
487 2723 594 2785 victus
609 2725 716 2786 tenuis
730 2743 814 2805 quac
830 2718 1017 2805 quantaque
1033 2743 1144 2787 secum
1211 2727 1253 2832 ill

242 2821 369 2884 Afferat.
414 2823 563 2904 lnprimis
578 2824 689 2884 valeas
704 2824 803 2886 bene:
826 2841 913 2902 nam,
929 2823 1037 2886 variae
1052 2843 1102 2884 res

243 2921 284 2984 Ut
298 2933 436 2984 noceant
450 2922 583 2997 homini,
597 2911 719 3002 credas,
736 2943 858 2985 memor
873 2923 960 2985 illius
975 2941 1076 3002 escae,

241 3023 337 3090 Quae
353 3022 491 3102 simplex
506 3022 583 3084 olim
598 3023 655 3085 tibi
670 3022 805 3103 sederit3
829 3033 863 3084 at
877 3021 974 3087 simul
991 3022 1073 3083 assis

240 3121 409 3184 Miscueris
424 3121 518 3201 elixa,
535 3122 633 3184 simul
647 3121 821 3204 conchylia
836 3121 947 3200 turdis,

185 3210 187 3213 ’
242 3219 359 3282 Dulcia
375 3240 409 3282 se
425 3220 458 3282 in
473 3221 570 3283 bilem
584 3230 710 3282 vertent
724 3221 955 3302 stomachoque
972 3219 1150 3282 tumultum
1209 3223 1243 3286 ib

242 3319 346 3384 Lenta
361 3320 438 3382 seret
452 3320 581 3401 pituita.
625 3319 731 3399 Vides,
748 3331 784 3383 ut
799 3320 939 3403 pallidus
954 3321 1060 3381 omnis

244 3419 351 3480 Coena
365 3418 517 3498 desurgat
531 3418 656 3481 dubia?
700 3420 792 3488 Quin
807 3439 922 3502 corpus
937 3429 1090 3482 onustum

279 3649 320 3700 48.
337 3649 523 3710 nequoralebat.
590 3650 754 3699 seductum.
822 3649 862 3698 58.
881 3647 1021 3697 diffundere.
1091 3649 1129 3697 64.
1148 3651 1212 3708 angit.

563 3731 602 3779 65.
620 3732 675 3792 qui;
693 3728 808 3790 offendit3
825 3728 938 3778 offendet.
