2742 4250
210 252 281 321 286
581 263 836 335 mammeas

210 427 354 504 Munera,
368 444 453 506 quae
468 423 572 486 multa
585 423 694 486 dantis
708 442 786 485 cum
801 421 897 485 laude
912 421 1065 501 tulerunt,

210 511 326 588 Dilecti
340 525 396 587 tibi
414 524 566 606 Virgilius
581 524 762 604 Variusque
776 533 907 605 poetae;

212 627 278 688 Nec
292 624 397 707 magis
411 625 554 706 expressi
568 623 682 685 vultus
696 643 752 704 per
766 623 892 696 alleuea
907 621 1009 701 sigua,

209 727 322 795 Quam
337 745 392 806 per
407 725 492 786 vatis
505 742 588 805 opus
602 721 708 784 mores
721 721 887 802 animique
902 721 1044 784 vimmm

209 826 375 886 Clarorum
391 834 555 905 apparent
602 822 671 885 Neo
685 841 849 884 sermones
863 840 923 902 ego
938 821 1070 882 mallem
1164 820 1224 884 250

213 926 369 1004 liopentes
384 942 439 1003 per
453 923 602 1000 humum,
617 939 719 1001 quam
734 939 785 982 res
799 939 989 1001 componere
1004 930 1121 1002 gestas,

222 1023 451 1102 l'errarumque
465 1021 547 1082 situs
560 1031 593 1082 et
606 1018 746 1082 flumina
760 1017 865 1080 dicere
879 1031 911 1080 et
926 1039 1017 1082 arces

214 1122 376 1181 ‚lloutibus
390 1120 557 1200 impositas
570 1130 603 1181 et
618 1118 753 1180 barbara
767 1138 875 1200 regua,
892 1119 1022 1200 tuisque

212 1222 372 1301 Auspiciis
387 1230 491 1283 totum
505 1219 652 1282 confecta
665 1217 777 1280 duella
790 1239 846 1300 per
859 1219 977 1297 orbem,

212 1320 425 1401 Claustraque
439 1319 607 1382 custodem
621 1319 712 1401 pacis
725 1319 909 1381 cohibentia
923 1319 1055 1398 Jauum‚
1166 1321 1227 1384 255

213 1420 255 1481 Et
270 1419 473 1482 formidatam
489 1418 616 1482 Parthis
632 1430 663 1480 te
676 1419 818 1500 principe
833 1419 982 1498 Romam,

210 1521 256 1597 Si,
267 1531 428 1600 quantum
442 1537 602 1600 cuperem,
614 1536 741 1599 possem
753 1537 881 1600 quoque
888 1540 896 1600 ;
910 1518 967 1581 sed
976 1539 1083 1602 neque
1092 1541 1227 1603 parvum

211 1620 350 1680 Carmen
366 1619 517 1700 majestas
531 1617 641 1698 recipit
655 1629 721 1697 tua,
737 1639 797 1681 nec
812 1639 905 1680 meus
920 1618 1020 1682 audet

211 1719 294 1780 Rem
309 1728 430 1778 tentare
445 1716 555 1798 pudor,
571 1736 672 1797 quam
688 1719 772 1781 vires
787 1718 866 1780 serre
881 1729 1038 1782 recusent

212 1817 374 1880 Sedulitas
389 1828 506 1895 autem,
524 1816 621 1878 stulte
635 1837 734 1898 quem
750 1817 862 1901 diligit,
879 1830 990 1900 urget:
1167 1820 1228 1882 260

214 1918 387 1998 Praecipue
401 1937 478 1978 cum
493 1936 528 1977 so
542 1917 686 1978 numeris
700 1917 908 1980 commendat
922 1930 955 1980 et
968 1929 1055 1982 arte:

215 2017 318 2079 Discit
331 2018 418 2080 enim
432 2017 528 2078 citius
541 2016 753 2098 meminitque
769 2017 921 2081 libentius
935 2017 1027 2098 illud,

213 2116 313 2186 Quod
327 2117 402 2198 quis
415 2115 544 2196 deridet,
559 2136 661 2199 quam
674 2115 763 2198 quod
777 2118 891 2199 probat
905 2130 937 2181 et
951 2129 1130 2182 veneratur.

213 2216 267 2279 Nil
282 2236 385 2278 moror
398 2215 550 2295 officium,
564 2215 653 2297 quod
667 2236 720 2279 me
735 2229 858 2300 gravat,
874 2240 914 2281 ac
928 2238 1033 2301 neque
1049 2218 1125 2282 ficto

214 2316 356 2398 lnpejus
370 2314 466 2377 vultu
480 2315 612 2396 proponi
625 2334 738 2378 cereus
753 2336 903 2399 usquam,
1166 2322 1228 2383 265

213 2416 243 2479 N
245 2435 281 2477 eo
295 2434 393 2497 prave
407 2411 501 2476 sactis
515 2413 657 2477 decorari
670 2415 818 2479 versibus
832 2428 915 2499 opto,

213 2516 263 2579 Ne
277 2514 410 2576 rubeam
424 2513 536 2596 pingui
550 2512 690 2577 donatus
704 2534 846 2596 munere,
861 2526 894 2579 et
909 2536 976 2579 uua

213 2616 299 2677 Cum
313 2614 463 2695 scriptore
476 2633 557 2692 meo,
571 2632 671 2695 capsa
684 2610 847 2695 porrectus
861 2627 980 2698 aperta,

214 2712 346 2777 Deserat
360 2711 393 2776 iu
409 2731 520 2775 vrcum
535 2711 729 2775 vendentem
745 2714 822 2776 thus
837 2724 870 2776 et
883 2714 997 2778 odores

215 2812 257 2876 Et
272 2813 368 2896 piper,
382 2822 415 2875 et
427 2811 586 2895 quidquid
600 2811 720 2875 chartis
735 2814 884 2877 amicitur
898 2815 1023 2898 ineptis
1166 2818 1228 2883 270

505 3013 561 3062 268.
581 3023 671 3071 operta.
739 3014 795 3063 270.
813 3026 934 3076 inemptas.
