2742 4250
486 266 645 320 munst.
696 266 793 317 nn.

176 426 294 511 sparsi
308 424 500 508 Penelopae,
511 421 703 510 nebulones,
716 423 906 504 Alcinoique

75 555 79 560 ·
176 526 213 591 ln
228 535 304 590 cute
317 523 464 588 curanda
477 524 552 606 plus
566 542 671 605 aequo
684 533 814 606 operata
824 524 989 607 Juventus,

175 626 241 690 Cui
254 623 428 708 pulchrum
444 623 505 686 furt
520 624 554 686 iu
569 623 693 686 medios
708 622 844 686 dormire
858 621 937 703 dies,
952 633 984 684 et
1109 621 1151 684 30

174 725 229 791 Ad
243 725 412 807 strepitum
426 724 569 786 citharae
583 734 747 786 cessatum
762 723 879 786 ducere
893 742 1015 786 curam.

176 825 221 890 Ut
229 824 383 910 jugulent
398 825 553 902 hommes,
569 831 707 905 surgunt
721 822 761 885 de
776 832 868 886 nocte
884 821 1040 886 latrones:

178 925 222 990 Ut
237 936 268 987 te
283 925 391 1007 ipsum
404 942 520 1002 servm,
536 941 602 986 uon
616 921 869 1005 expergisceris?
913 921 1013 1004 Atqui

177 1025 213 1088 Si
227 1023 318 1087 noles
333 1042 444 1101 sanus,
458 1041 568 1086 curres
583 1021 797 1104 hydropicus3
821 1032 853 1084 ct
867 1021 902 1084 ni

178 1124 296 1186 Posces
310 1131 387 1186 ante
401 1121 488 1184 diem
503 1121 621 1184 librum
634 1140 712 1184 cunr
727 1119 859 1199 lumine,
875 1121 902 1183 si
917 1139 982 1184 non
1113 1117 1153 1180 35

179 1220 332 1285 Intendes
344 1221 492 1284 animum
507 1219 624 1284 studiis
637 1229 670 1284 et
684 1220 781 1284 rebus
795 1219 947 1298 honestis,
1046 1255 1048 1259 ·

178 1320 308 1394 Invidia
323 1319 375 1382 vel
389 1339 497 1382 amore
512 1319 590 1401 vigil
606 1319 799 1400 torquebcre.
844 1319 931 1384 Nam
946 1339 1012 1398 cur,

178 1420 278 1489 Quae
293 1417 427 1481 laedunt
441 1418 582 1498 oculum,
599 1418 732 1480 festinas
747 1416 893 1482 demere:
916 1415 1037 1500 siquid

179 1519 241 1582 Est
256 1519 414 1597 animum,
429 1517 537 1580 differs
551 1517 688 1582 curandi
702 1529 831 1601 tempus
845 1518 879 1583 iu
894 1518 1043 1582 annum?

178 1617 362 1682 Dimidium
374 1616 461 1696 facti,
476 1617 534 1698 qui
548 1617 660 1699 coepit,
676 1618 792 1700 habet;
816 1637 927 1700 sapere
941 1617 1047 1698 aude3
1113 1616 1155 1679 40

179 1716 310 1798 Incipe!
353 1715 423 1785 Qui
438 1726 521 1778 recte
537 1715 667 1780 vivendi
682 1727 829 1799 prorogat
845 1717 965 1796 horam,

180 1816 336 1881 Rusticus
349 1824 524 1897 exspectat,
539 1815 621 1879 dum
635 1815 759 1880 defluat
773 1816 898 1896 amnis;
921 1826 955 1878 at
970 1815 1023 1878 ille

179 1917 315 1980 Labitur
329 1925 361 1977 et
375 1915 501 1978 labetur
515 1915 548 1978 in
563 1935 659 1978 omne
674 1913 826 1979 volubilis
841 1934 969 1978 aevum.

180 2016 358 2086 Quaeritur
372 2027 551 2097 argentum,
566 2015 737 2098 puerisque
753 2015 846 2078 beata
861 2014 1008 2078 creandis

180 2115 280 2196 Uxor,
294 2127 327 2179 et
341 2114 483 2180 incultae
498 2126 655 2197 pacantur
671 2135 799 2179 vomere
813 2115 924 2178 silvae.
1114 2113 1156 2177 45

179 2216 281 2286 Quod
297 2216 376 2279 satis
389 2227 438 2279 est
453 2216 507 2280 cui
520 2216 686 2299 contingit,
704 2215 749 2279 nil
765 2215 905 2299 amplius
920 2224 1029 2303 optet.¹

180 2316 254 2380 Non
269 2315 386 2379 domus
401 2329 433 2379 et
446 2315 579 2396 fluidus,
595 2336 659 2379 non
675 2316 757 2380 acris
772 2336 907 2379 acervus
923 2328 954 2377 et
969 2315 1039 2379 auri
1154 2366 1156 2371 .

96 2474 103 2485 ,
179 2416 318 2497 Aegroto
332 2414 455 2480 domini
469 2414 606 2479 deduxit
620 2435 749 2497 corpore
765 2415 876 2495 febres,

179 2514 255 2579 Non
269 2515 380 2578 animo
394 2535 507 2578 curas:
528 2515 636 2579 valeat
651 2535 813 2597 possessor
826 2524 954 2599 oportet,
1155 2594 1158 2601 .

179 2614 215 2679 Si
229 2614 436 2696 comportatis
451 2616 546 2677 rebus
561 2616 642 2677 bene
657 2614 777 2697 cogitat
792 2615 849 2679 uti.
1114 2615 1158 2703 5⁰.

149 2713 153 2717 ’
179 2713 250 2787 Qui
265 2714 355 2797 cupit
369 2724 427 2777 aut
436 2714 564 2794 metuit,
575 2715 670 2797 juvat
686 2714 780 2777 illum
794 2715 840 2777 sic
855 2714 972 2777 domus
987 2725 1019 2777 et
1034 2734 1092 2795 res,
1159 2780 1161 2787 ,

181 2812 226 2877 Ut
240 2812 366 2895 lippum
380 2813 484 2896 pictae
501 2812 638 2893 tabulae,
656 2812 797 2877 fomenta
811 2812 996 2897 podagram,

180 2911 354 2975 Auriculas
368 2913 511 2976 citharae
525 2911 659 2974 collecta
674 2910 766 2975 sorde
782 2910 935 2975 dolentes.

180 3012 352 3075 Sincerum
366 3021 415 3075 est
430 3012 493 3075 nisi
508 3032 575 3093 vas,
591 3011 809 3094 quodcunque
825 3010 979 3092 infundis,
994 3013 1122 3076 acescit.

83 3146 85 3150 ·
180 3111 304 3193 Sperne
318 3110 518 3194 voluptates3
542 3128 636 3175 nocet
650 3122 759 3195 empta
773 3112 881 3175 dolore
897 3113 1056 3196 voluptas.
1115 3116 1155 3177 55

80 3266 82 3268 ,
180 3211 315 3293 Semper
329 3231 448 3275 avarus
463 3222 552 3294 eget3
576 3222 702 3277 certum
717 3222 791 3275 voto
806 3222 877 3295 pete
893 3211 1001 3277 linem.
1116 3292 1117 3295 Ἴ

180 3309 319 3373 Invidus
333 3310 464 3375 alterius
479 3312 647 3374 macrescit
661 3312 757 3375 rebus
772 3312 886 3395 opimis
900 3334 907 3376 :

181 3408 311 3473 lnvidia
325 3410 428 3474 Siculi
442 3431 508 3475 non
524 3412 674 3475 invenere
690 3414 820 3495 tyranni

182 3506 290 3593 Majus
305 3519 509 3573 tormentum.
553 3510 624 3580 Qui
639 3530 705 3574 non
721 3511 937 3575 moderabitur
952 3531 1027 3592 uae,
1120 3590 1121 3593 Ἴ

182 3607 344 3673 Infectam
359 3609 445 3673 volet
459 3631 538 3689 esse,
555 3610 643 3673 dolor
657 3610 745 3693 quod
762 3610 897 3673 suaserit
912 3620 943 3673 et
957 3631 1059 3691 mcns,
1117 3612 1158 3674 frss

181 3706 273 3772 Dum
287 3730 407 3793 poenas
422 3710 495 3772 odio
509 3731 564 3791 per
578 3711 646 3773 vim
661 3710 791 3773 festinat
806 3696 917 3773 inulto.
