2742 4250
479 274 590 323 nmen
615 275 639 323 1.
689 274 723 323 n
749 273 841 325 xvn.
1099 263 1170 335 269

157 432 296 496 Vendere
310 449 389 494 curn
403 432 507 514 possis
521 431 697 514 captivum,
712 432 856 495 occidere
871 433 956 496 noli:

151 531 276 596 Serviet
292 530 428 594 utiliter:
451 531 521 593 sine
535 541 647 613 pascat
662 529 764 594 durus
778 541 918 613 aretque,
1129 535 1172 599 tu

152 630 293 713 Naviget
307 650 347 693 ae
361 628 477 692 mediis
492 630 612 692 hiemet
625 640 782 692 mercator
796 630 828 692 in
845 631 950 709 undis,

152 732 311 794 Annonae
326 729 433 812 prosit,
449 739 550 812 portet
565 728 727 792 frumenta
740 743 919 811 penusque.

151 830 207 892 Vir
221 831 327 893 bonus
341 839 375 891 et
389 829 518 912 sapiens
532 828 665 891 audebit
679 828 802 892 dicere:
825 830 982 909 Pentheu,

151 929 269 993 Rector
283 929 484 1008 Thebarum,
499 928 579 1010 quid
594 947 646 990 me
661 927 796 1010 perferre
811 930 943 1010 patique

154 1028 332 1110 'Indignum
341 1026 656 1109 cogesi-Adimam
663 1027 926 1110 bona-Nempe
934 1047 1043 1110 pecus,
1050 1045 1125 1102 reru,
1134 1028 1174 1091 75

154 1127 277 1207 Lectos,
293 1136 482 1209 argentum:
505 1126 599 1188 tollas
614 1125 780 1189 lieet-ln
795 1127 933 1188 manicis
946 1137 980 1189 et

154 1225 372 1308 Compedibus
388 1244 486 1288 saevo
501 1235 532 1288 te
548 1226 609 1288 sub
624 1224 758 1288 custode
774 1226 942 1288 tenebo.-

135 1339 138 1344 ·
155 1325 227 1407 Ipse
242 1325 333 1405 deus,
349 1324 447 1388 simul
463 1335 560 1407 atque
575 1323 693 1404 volam,
709 1343 762 1387 me
776 1323 1065 1407 solvet—Opinoi,

156 1423 225 1488 Hoc
240 1425 355 1488 sentit:
379 1424 515 1506 Monam
539 1443 625 1488 mors
640 1425 756 1488 ultima
770 1424 856 1489 linea
871 1443 978 1488 rerum
992 1434 1051 1487 est

608 1743 727 1756 ῃ

498 1985 709 2048 EPISTOLA
736 1985 845 2046 XVII.

470 2231 474 2238 Ι
521 2184 573 2225 ΔΙ)
604 2186 817 2227 SCAEVAM·

198 2360 373 2441 Quamvis,
389 2361 524 2441 Scaeva,
540 2361 618 2424 satis
633 2382 689 2444 per
703 2372 733 2425 te
749 2363 806 2426 tibi
820 2364 971 2443 consulis,
987 2374 1019 2427 et
1034 2365 1108 2445 scis,

158 2460 235 2531 Quo
250 2459 383 2522 tandem
397 2468 492 2543 paeto
507 2460 619 2524 deceat
633 2462 807 2546 majoribus
823 2463 888 2526 uti:

158 2559 265 2639 Disce,
280 2558 447 2622 docendus
462 2558 572 2623 adhue
586 2580 671 2642 quae
685 2572 795 2623 censet
811 2561 983 2641 amiculus,
1001 2571 1037 2623 ut
1051 2562 1078 2624 si

158 2660 285 2721 Caecus
299 2658 358 2721 iter
372 2670 548 2721 monstrare
565 2660 659 2741 velit3
683 2670 792 2723 tamen
808 2659 946 2742 adspice,
962 2661 989 2723 si
1003 2660 1083 2743 quid

158 2758 202 2821 Et
216 2778 285 2837 nos,
301 2759 389 2839 quod
403 2744 495 2821 eures
510 2760 673 2841 proprium
689 2759 811 2838 secisse,
826 2759 1007 2841 loquamur.
1155 2761 1175 2823 ὅ

157 2860 192 2923 Si
207 2868 238 2921 te
253 2868 345 2940 grata
359 2858 452 2940 quies
467 2868 499 2920 et
513 2858 650 2941 primam
665 2878 800 2922 somnus
815 2858 849 2921 iu
864 2859 978 2921 horam

158 2958 315 3037 Delectat,
331 2957 359 3020 si
373 2968 404 3020 te
419 2957 527 3040 pulvis
541 2958 757 3042 strepitusque
772 2968 922 3038 totamm,

157 3058 192 3121 Si
207 3057 309 3121 laedit
323 3076 481 3139 caupona,
498 3058 710 3121 Ferentinum
727 3058 770 3121 ire
780 3059 900 3143 jubebo
911 3080 935 3126 τ,

158 3157 245 3221 Nam
261 3175 366 3238 neque
381 3156 535 3220 divitibus
549 3157 742 3240 contingunt
756 3158 877 3240 gaudia
891 3158 975 3237 solis,

159 3256 226 3320 Nee
242 3256 326 3319 vixit
340 3256 434 3336 male,
451 3257 507 3338 qui
522 3265 619 3320 natus
634 3258 837 3340 moriensque
852 3258 972 3321 fefellit.
1142 3262 1177 3322 tu

158 3357 193 3420 Si
207 3355 358 3439 prodesse
373 3356 438 3419 tuis
452 3356 626 3439 paulloque
641 3356 812 3440 benignius
827 3358 935 3440 ipsum

152 3456 209 3517 -Te
225 3465 361 3518 tractare
376 3455 474 3536 voles,
490 3454 624 3518 accedes
639 3456 746 3518 siccus
761 3455 803 3518 ad
819 3467 965 3520 unctum.

160 3554 192 3641 Si
208 3552 377 3637 pranderet
391 3553 463 3617 olus
478 3553 641 3637 patienter,
657 3555 786 3637 regibus
801 3556 848 3618 uti

492 3755 519 3805 e.
532 3757 588 3807 κνῆ.
601 3756 624 3807 e.
642 3754 739 3814 ruere,
756 3723 843 3803 uero
