2742 4250
459 245 570 295 mann
595 245 633 296 11.
683 246 712 296 s
737 245 816 296 rm.
1064 230 1132 296 241

113 405 179 470 Sed
194 403 422 484 convivatoris,
438 403 486 466 uti
500 402 602 483 ducis,
617 403 786 486 ingenium
800 423 851 466 res

115 505 282 569 Advorsae
296 502 420 566 nudare
436 501 548 582 solent,
563 502 667 565 celare
682 500 854 565 secundae.

117 603 316 674 Nasidienus
331 602 373 666 ad
389 602 489 666 haec:
512 601 591 665 Tibi
605 601 647 681 dt,
663 621 879 684 quaecunque
892 603 1037 684 preceris,
1094 605 1135 668 lb

115 703 298 768 Commoda.
312 702 409 765 dent!
454 701 505 764 lta
519 701 688 764 virbonus
702 721 737 764 es
752 701 955 783 convivaque
969 702 1089 766 comis:

116 805 160 866 Et
174 803 281 866 soleas
296 801 408 884 poscit.
451 801 544 863 Tum
558 801 593 862 in
608 800 690 862 lecto
704 820 834 882 quoque
848 799 973 864 videres

114 902 255 967 Stridore
271 911 393 963 secreta
408 898 530 962 divisos
544 917 622 964 aure
637 919 839 963 susurros.-

118 1001 233 1066 Nullos
248 1001 302 1063 bis
316 999 450 1062 mallem
464 997 559 1062 ludos
574 1009 753 1081 spectasse:
776 999 833 1062 sed
849 999 905 1062 illa

115 1099 239 1179 Redde,
255 1119 325 1181 age,
340 1118 426 1180 quae
441 1097 592 1180 deinceps
607 1098 905 1162 risisti-Vibidius
919 1098 1001 1166 dum
1096 1099 1138 1160 8¹)

115 1201 257 1271 Quaerit
270 1198 312 1260 de
326 1197 443 1281 pueris,
457 1216 540 1261 num
555 1199 596 1260 sit
610 1214 740 1279 quoquo
755 1197 857 1260 fracta
871 1198 996 1282 lagena,

115 1298 216 1370 Quod
232 1298 294 1362 sibi
308 1297 451 1380 poscenti
465 1317 532 1360 non
546 1297 665 1360 dantur
678 1297 805 1380 pocula,
821 1297 963 1381 dumque

21 1451 22 1478 t
115 1397 253 1462 Ridetur
268 1397 353 1460 fictis
367 1417 484 1476 rerum,
499 1397 672 1462 Balatrone
688 1397 850 1462 secundo:

21 1489 22 1518 l
116 1496 302 1575 Nasidiene,
317 1496 410 1577 redis,
427 1507 571 1560 mutatae
587 1493 709 1576 frontis,
725 1506 762 1558 ut
776 1507 843 1559 arte

117 1595 364 1659 Emendaturus
376 1595 559 1680 fortunam3
583 1595 700 1658 deinde
716 1597 818 1659 secuti

118 1697 313 1759 Mazonomo
327 1697 418 1778 pueri
433 1715 552 1778 magno
567 1695 727 1778 discerpta
741 1695 877 1758 ferentes

118 1797 266 1859 Membra
281 1795 378 1878 gruiS,
394 1795 496 1878 sparsi
511 1795 578 1858 sale
593 1795 706 1875 multo,
721 1814 788 1858 non
803 1795 871 1857 sine
886 1794 976 1876 farre,

118 1895 300 1977 Pinguibus
314 1905 346 1957 et
360 1895 431 1958 ficis
446 1899 576 1978 pastum
586 1896 677 1979 jecur
692 1895 814 1956 anseris
829 1895 931 1974 albae,

118 1995 163 2057 Et
176 1993 323 2076 leporum
337 1994 478 2074 avulsos,
494 2003 530 2058 ut
545 1994 649 2057 multo
664 1994 809 2075 suavius,
824 2013 939 2073 armos,

118 2095 233 2164 Quam
248 2093 275 2157 si
289 2113 367 2157 cum
383 2093 502 2156 lumbis
516 2093 590 2175 quis
606 2093 679 2157 edit.
724 2095 816 2158 Tum
830 2104 956 2177 pectore
967 2092 1084 2157 adusto
1094 2094 1136 2158 90

122 2192 269 2256 Vidimus
281 2198 315 2255 et
329 2193 470 2255 merulas
486 2194 561 2275 poni
576 2203 607 2257 et
622 2193 692 2257 sine
706 2193 802 2256 clune
816 2193 995 2278 palumbes,

118 2293 244 2355 Suaves
258 2312 317 2372 res
333 2292 359 2355 si
376 2312 441 2355 non
456 2312 575 2355 causas
589 2303 732 2355 narraret
746 2313 858 2356 earum
872 2304 904 2355 et

119 2390 260 2455 Naturas
274 2390 445 2473 dominus;
468 2412 567 2473 quem
582 2412 641 2455 uos
655 2392 702 2455 sic
717 2391 861 2475 fugimus
876 2392 943 2473 ulti,

120 2487 163 2554 Ut
176 2490 260 2554 nihil
274 2490 406 2553 omnino
421 2501 634 2573 gustaremus
650 2491 741 2554 velut
756 2492 818 2555 illis

119 2586 256 2653 Canidia
271 2588 421 2673 afflasset
438 2592 523 2674 pejor
538 2592 737 2673 serpentibus
752 2591 846 2655 Afris.
1094 2592 1135 2655 95

244 2790 275 2841 75
302 2792 417 2853 precaris.
484 2792 525 2841 82.
542 2790 634 2841 dentru.
702 2792 741 2864 88.
759 2791 815 2840 albi.
882 2792 922 2839 95.
939 2791 1006 2841 auia
