2742 4250
588 335 591 342 1
609 259 809 312 stomun

331 412 453 477 Audax
467 415 569 497 Iapeti
584 435 689 498 genus
1036 482 1038 485 .

373 513 487 596 Ignem
501 513 616 579 fraude
629 516 717 580 mala
732 518 881 600 gentibus
895 519 1012 585 intulit

332 610 409 674 Post
423 612 532 695 ignem
546 614 690 677 aetheria
703 613 800 691 domo

373 711 588 791 subductum,
604 714 726 780 macies
740 725 773 785 et
786 735 873 801 nova
887 715 1026 783 febrium
1184 721 1229 791 3ss

332 805 442 872 Terris
456 807 604 902 incubuit
617 797 740 892 cohors,

374 907 560 990 Semotique
574 910 663 992 prius
677 910 770 974 tarda
784 913 959 986 necessitas

334 1005 403 1070 Leti
417 1007 568 1090 corripuit
583 1000 735 1091 gradum

373 1105 538 1189 Expertus
553 1126 698 1171 vacuum
713 1108 882 1174 Daedalus
897 1115 977 1176 aera

332 1207 452 1269 Pennis
467 1225 533 1269 non
547 1206 671 1292 homini
686 1197 803 1273 datisz'
1187 1207 1228 1268 35

374 1306 521 1389 Perrupit
534 1307 914 1399 Achaeorum-Herculeus
927 1309 1026 1375 labor.

333 1405 387 1472 llil
405 1405 595 1470 mortalibus
609 1405 703 1469 a'rdui
715 1416 774 1470 est

359 1503 511 1568 ‘Ocelum
525 1505 632 1588 ipsum
645 1507 786 1590 petimus
801 1506 946 1600 stultitia,
962 1526 1068 1603 neqtie

290 1646 292 1648 -
332 1605 393 1670 Per
407 1623 553 1666 nostrum
567 1600 710 1686 patimur
722 1605 829 1699 scelus

367 1703 528 1768 Iracunda
543 1703 658 1768 Jovem
672 1718 790 1800 ponere
803 1704 951 1775 fulmina.
1188 1705 1230 1768 to

652 2024 772 2038 *-

581 2264 762 2325 cARMEN
789 2263 845 2325 Ν.

517 2463 573 2505 ΔΙ)
605 2464 644 2530 ¹L.
683 2463 908 2508 ausuum.

204 2643 347 2709 Solvitur
361 2642 443 2705 acris
457 2640 562 2704 hiems
577 2649 668 2723 grata
683 2640 754 2704 vice
770 2642 854 2705 veris
868 2652 899 2705 et
914 2642 1050 2724 Favoni,

180 2747 182 2751 ’
246 2742 462 2825 Trahuutquo
478 2741 580 2804 siccas
595 2740 767 2804 machinae
781 2741 928 2825 carinas3
978 2758 981 2764 ·
1041 2730 1050 2742 ⁰

163 2835 165 2838 ’
205 2845 252 2907 Ac
266 2862 372 2924 neque
382 2842 452 2925 jam
468 2840 603 2903 stabulis
618 2839 740 2923 gaudet
753 2860 861 2924 pecus,
874 2852 932 2904 aut
945 2852 1050 2905 arator
1061 2842 1147 2925 igui3

233 2932 314 3007 Nec
329 2951 420 3026 prata
433 2942 525 3005 canis
540 2940 683 3003 albicant
696 2940 830 3023 pruinis.

205 3034 455 3125 JamOytherea
468 3044 578 3103 choros
593 3038 684 3103 ducit
698 3038 818 3120 Venno,
833 3039 1021 3103 imminente
1032 3040 1139 3121 Luna,
1211 3055 1230 3113 5

245 3143 449 3223 Junetaeque
465 3138 628 3223 Nymphis
644 3140 775 3203 Gratiae
790 3138 940 3203 decentes
1188 3143 1193 3150 ’

175 3244 177 3248 ’
200 3232 335 3306 ¹Altemo
350 3251 466 3305 terram
479 3240 633 3323 quatiunt
646 3237 736 3325 pede,
748 3238 830 3301 dum
841 3258 956 3321 graves
968 3238 1150 3323 Cyelopum

246 3340 415 3416 Vulcanus
430 3338 545 3403 ardens
560 3339 625 3403 urit
638 3336 793 3402 officinas.

209 3438 302 3503 Nunc
317 3434 408 3503 decet
422 3449 479 3506 aut
490 3428 585 3502 viridi
599 3438 739 3502 nitidum
753 3448 852 3522 caput
866 3435 1020 3520 impedire
1035 3446 1150 3521 myrto,
1251 3483 1254 3497 2
1356 3447 1357 3530 j

194 3603 196 3607 ,
248 3540 314 3604 Aut
329 3538 414 3619 flore,
429 3548 529 3602 tenae
544 3557 643 3620 quem
658 3537 765 3602 ferunt
779 3538 913 3601 solutae.
1199 3545 1233 3605 lu

393 3740 434 3797 ³7.
453 3736 563 3789 uiduam.
842 3736 868 3787 ὖ.
881 3738 912 3786 It.
925 3736 949 3790 0·
967 3736 1033 3786 visit.
1104 3749 1107 3755 ’
