2742 4250
256 196 327 266 aba
580 209 632 260 ou
658 210 754 260 seru
779 208 942 260 Pounon.

296 369 436 437 Romani
451 367 563 431 tollent
575 368 701 449 equites
715 367 904 450 peditesque
918 366 1133 430 cachinnum.
1334 393 1335 452 p

297 470 442 535 Intererit
456 467 606 548 multum,
621 467 761 530 divusne
776 468 926 550 loquatur
941 486 984 530 au
999 467 1100 546 heros,

297 570 489 634 Maturusne
504 587 603 630 senex
618 587 663 630 an
677 566 787 630 adhuc
801 567 934 630 florente
945 567 1084 650 juventa
1247 567 1319 629 115
1334 567 1335 646 l

298 668 466 748 bertridus
481 678 514 730 et
528 677 675 730 matrona
690 677 802 749 potens
817 687 860 728 an
876 664 990 729 sedula
1005 666 1128 746 nutrix,

301 768 500 832 Mercatorne
514 785 620 848 vagus
634 767 780 830 cultorne
794 766 927 831 virentis
942 765 1047 848 agelli,
1334 739 1335 806 l

298 869 442 932 Colchus
456 887 500 930 an
513 866 678 949 Assyrius,
694 867 819 930 Thebis
835 867 975 930 nutritus
989 885 1032 928 an
1047 865 1159 948 Argis.

299 970 367 1033 Aut
381 967 504 1031 lamam
518 987 660 1049 sequere,
676 978 735 1030 aut
750 967 811 1029 sibi
824 965 1050 1029 convenientia
1066 965 1171 1048 linge.

298 1068 439 1151 Scriptor
453 1069 648 1131 honoratum
662 1067 690 1128 si
705 1065 784 1130 sorte
798 1066 926 1148 reponis
941 1065 1112 1145 Achillem,
1234 1066 1306 1128 120

299 1170 447 1251 Impiger,
462 1165 648 1246 iracundus,
663 1166 878 1245 inexorabilis
894 1184 976 1245 acer,
1227 1177 1237 1186 ‘
1333 1167 1335 1314 p

298 1270 319 1336 J
321 1289 380 1332 ura
394 1278 489 1350 neget
503 1266 564 1330 sibi
579 1277 665 1345 nata,
680 1265 764 1329 nihil
778 1285 844 1328 nou
858 1276 983 1346 arroget
997 1265 1105 1328 armis,
1334 1319 1335 1360 ,

299 1370 350 1434 Sit
364 1367 482 1431 Medea
495 1365 585 1430 lerox
600 1365 795 1446 invictaque,
811 1363 927 1428 flebilis
942 1365 1010 1444 lno,

300 1466 448 1531 Perfidus
463 1465 567 1544 Ixion,
582 1464 619 1527 lo
633 1484 727 1546 vaga,
744 1464 841 1527 tristis
856 1463 995 1527 Orestes.

299 1564 429 1647 Siquid
444 1564 649 1646 inexpertum
662 1583 778 1626 scenae
792 1563 974 1642 committis
990 1572 1023 1625 et
1037 1561 1140 1626 eudes
1223 1562 1290 1624 125

300 1666 476 1728 Personam
490 1661 626 1726 formare
641 1682 770 1742 novam,
787 1673 930 1726 servetur
944 1662 986 1726 ad
1001 1663 1114 1742 imum,

300 1763 420 1834 Qualis
434 1765 477 1826 ab
491 1763 618 1845 incepto
631 1763 826 1845 processerit,
842 1773 874 1824 et
888 1762 949 1825 sibi
964 1772 1097 1826 constet.

302 1861 442 1926 Difficile
456 1872 505 1924 est
519 1861 642 1944 proprie
656 1861 845 1924 communia
860 1860 982 1924 dicere:
1004 1871 1106 1943 tuq-ue

301 1963 434 2028 Rectius
448 1962 587 2027 Iliacum
600 1981 732 2024 carmen
746 1958 881 2024 deducis
896 1962 931 2024 in·
944 1971 1045 2040 actus

301 2064 416 2134 Quam
430 2061 457 2125 si
472 2060 625 2145 proferres
639 2061 749 2143 ignota
765 2059 949 2144 indictaque
964 2061 1096 2143 primus.
1211 2059 1275 2122 13⁰

302 2162 439 2226 Publica
453 2161 600 2224 materies
614 2160 731 2242 privati
741 2160 823 2243 juris
838 2161 904 2239 erit,
921 2162 948 2222 sl

303 2261 377 2326 Non
391 2261 477 2323 circa
490 2260 590 2322 vilem
604 2260 819 2343 patulumque
833 2260 1006 2322 moraberis
1020 2260 1137 2341 orbem,

303 2360 371 2424 Nec
387 2360 523 2423 verbum
537 2360 633 2422 verbo
647 2360 776 2422 curabis
792 2359 922 2422 reddere
938 2359 1024 2423 fidus

302 2460 469 2542 Interpres,
485 2471 544 2522 nec
559 2459 688 2521 desilies
703 2459 843 2522 imitator
857 2460 890 2521 in
906 2471 1022 2540 artum,
1334 2452 1335 2455 '

303 2558 398 2622 Unde
414 2558 529 2641 pedem
543 2559 679 2641 proferre
694 2558 797 2642 pudor
811 2570 897 2621 vetet
912 2570 969 2621 aut
983 2560 1086 2642 operis
1101 2559 1159 2622 lex.
1205 2559 1263 2623 135

302 2659 371 2723 Nec
386 2660 432 2722 sic
447 2658 589 2741 incipies
606 2668 643 2721 ut
657 2659 789 2741 scriptor
803 2659 949 2741 cyclicus
964 2658 1060 2721 olim:

302 2761 482 2823 Fortunam
497 2758 618 2824 Priami
633 2760 773 2821 cantabo
787 2770 819 2823 et
835 2759 941 2822 nobile
955 2759 1086 2822 bellum.

302 2857 395 2928 Quid
409 2857 546 2941 dignum
560 2868 651 2921 tanto
665 2856 745 2920 feret
760 2858 813 2921 hic
828 2858 999 2940 promissor
1013 2858 1127 2921 hiatu?

302 2957 489 3021 Parturiunt
503 2967 637 3037 montes
652 2967 804 3021 nascetur
819 2956 974 3021 ridiculus
989 2977 1072 3020 mus.

302 3058 438 3125 Quanto
452 3057 570 3120 rectius
584 3057 647 3136 bic,
663 3057 721 3138 qui
735 3056 783 3119 nil
796 3056 926 3121 molitur
940 3056 1065 3139 inepte:
1200 3059 1253 3121 llll
1334 3100 1335 3113 1

303 3156 393 3217 “Dic
408 3155 496 3236 mihi,
513 3156 620 3235 Musa,
637 3156 752 3235 virum,
768 3166 883 3239 captae
897 3166 969 3238 post
984 3167 1123 3238 tempora
1136 3158 1233 3242 'l'rojae

303 3253 373 3325 Qui
387 3254 676 3321 moressslrominum
692 3253 869 3318 multorum
883 3255 964 3318 vidit
978 3267 1010 3319 et
1025 3256 1141 3319 urbes.’'

303 3352 378 3416 Non
392 3349 521 3415 furnum
535 3372 577 3415 ex
592 3349 724 3435 fulgore,
741 3352 798 3417 sed
812 3373 855 3417 ex
870 3353 961 3417 sumo
976 3354 1052 3418 dare
1067 3354 1162 3417 lucem

303 3450 440 3533 Cogitat,
457 3460 494 3513 ut
508 3452 653 3534 speciosa
666 3452 785 3517 dehine
800 3453 957 3516 miracula
972 3462 1104 3537 promat,

323 3682 378 3733 tlt.
396 3680 518 3758 Davusne.
563 3660 566 3667 ¹
586 3687 642 3743 119,
655 3686 710 3735 120.
729 3683 802 3749 finge,
814 3687 928 3749 Scriptor.
997 3688 1051 3738 139.
1069 3686 1190 3736 Perturbat.
