2742 4250
469 259 579 310 urana
603 261 643 311 11.
692 263 721 312 s.
746 261 826 312 vm.
1079 245 1152 316 239

132 419 319 485 l’ervellunt
334 419 549 499 stomachum,
566 419 652 500 siser,
669 419 759 500 allec,
776 418 904 482 faecula
918 419 995 483 Coa.
1054 423 1057 426 ’

131 521 191 600 His
205 519 262 584 ubi
280 518 417 583 sublatis
431 537 512 601 puer
526 518 590 581 alte
605 519 732 581 cinctus
747 538 899 582 acernam
1113 521 1152 583 10

130 621 285 702 Gausape
299 637 463 701 purpureo
477 637 625 680 mensam
640 618 792 701 pertersit,
807 629 839 680 et
853 618 933 681 alter

129 719 281 801 Sublcgit
295 717 514 800 quodcunque
525 718 646 800 jaceret
660 717 782 798 inutile,
797 718 951 801 quodque

130 819 243 882 Posset
257 828 431 880 coenantes
446 817 624 880 offendere:
646 827 684 879 ut
698 818 806 881 Attica
821 819 910 901 virgo

130 921 218 982 Cum
232 918 333 981 sacris
348 917 481 995 Cereris,
497 915 639 999 procedit
653 915 767 981 fuscus
782 918 966 1002 Hydaspes,

131 1019 285 1082 Caecuba
300 1018 379 1081 vina
394 1015 507 1095 ferens,
524 1016 628 1080 Alcon
643 1017 766 1080 Chium
781 1019 879 1080 maris
892 1039 1016 1102 expers.
1115 1023 1152 1082 lli

131 1120 193 1182 llic
209 1121 326 1181 herus:
350 1118 525 1195 Albanum,
543 1117 727 1196 Maecenas
743 1118 812 1181 sive
828 1118 1006 1184 Falernum

130 1220 184 1284 'Fe
200 1219 308 1300 magis
323 1210 475 1301 appositis
490 1215 629 1298 delectat
638 1237 646 1299 ;
670 1217 830 1280 habemus
844 1229 1071 1302 utrumque.-

132 1317 273 1382 Divitias
288 1318 441 1381 miseras!
485 1316 550 1380 Sed
565 1323 641 1398 quls
655 1319 868 1381 coenantibus
884 1338 959 1399 una,

131 1417 297 1498 Fundani,
313 1416 446 1500 pulchre
461 1414 557 1479 suerit
572 1416 637 1494 tibi,
653 1435 748 1479 nosse
764 1417 880 1480 laboro.

130 1519 291 1581 Summus
307 1537 374 1598 ego,
390 1525 427 1592 et
437 1535 532 1598 prope
548 1535 599 1577 me
614 1515 732 1578 Viscus
747 1517 927 1599 Thurinus,
943 1517 1077 1599 etiaim,
1109 1520 1153 1583 20

130 1618 165 1681 Si
181 1617 325 1696 memini,
342 1616 468 1695 VariuS,
484 1635 562 1678 cum
578 1615 714 1678 Servilio
728 1616 900 1681 Balatrone

130 1717 289 1796 Vibidius,
305 1735 389 1798 quas
404 1715 578 1793 Maecenas
594 1714 777 1779 adduxerat
792 1718 931 1780 umbras,

130 1816 441 1880 Nomentanuserat
456 1835 552 1897 super
566 1815 682 1896 ipsum,
698 1815 832 1879 Porcius
846 1816 938 1896 infra,

129 1915 302 1979 Ridiculus
319 1925 400 1977 totas
415 1915 514 1977 semel
528 1915 696 1977 obsorbere
710 1915 883 1997 placentas

132 2015 360 2088 Nomentanus
376 2013 502 2093 adhoc,
519 2014 585 2096 qui,
602 2014 629 2077 si
644 2014 724 2096 quid
739 2013 817 2077 forte
832 2016 951 2096 lateret,

130 2117 242 2181 lndicc
258 2126 448 2179 monstraret
462 2115 581 2198 digito:
604 2136 682 2179 nam
698 2125 803 2178 cetera
818 2115 920 2193 turba,

131 2217 206 2297 Νοε,
223 2217 367 2299 inquam,
383 2236 559 2278 coenamus
574 2235 661 2295 aves
677 2214 860 2298 conchylia,
876 2216 988 2299 pisces²

130 2315 242 2399 longe
258 2316 448 2379 dissimilem
463 2326 538 2378 noto
553 2315 692 2377 celantia
707 2335 861 2379 succum:

130 2416 174 2479 Ut
187 2415 241 2478 vel
257 2415 409 2478 continuo
424 2415 537 2497 patuit,
554 2434 632 2477 eum
647 2414 784 2497 passeris
799 2426 896 2497 atque
1000 2411 1003 2415 ’

129 2515 300 2597 lngustata
314 2514 394 2577 mihi
409 2523 591 2596 porrexerat
606 2513 662 2576 ilia
677 2514 811 2576 rhombi.
915 2522 919 2529 '

130 2614 206 2677 Post
219 2614 283 2676 hoc
297 2633 349 2676 me
364 2613 482 2692 docuit,
498 2612 660 2675 melimela
675 2613 787 2675 rubere
802 2613 956 2676 minorem

130 2713 183 2775 Ad
197 2712 313 2775 lunam
328 2712 470 2775 delecta:
493 2712 650 2793 quidhoc
665 2712 796 2791 intersit,
812 2713 938 2796 abipso

132 2811 280 2876 Audieris
294 2812 421 2874 melius
465 2812 557 2874 Tum
573 2812 721 2875 Vibidius
736 2810 919 2875 Balatroni:

130 2908 207 2992 Nos,
223 2912 285 2975 nisi
301 2912 457 2974 damnose
471 2910 620 2989 bibimus
636 2912 809 2974 moriemur
824 2911 936 2992 inulti;

131 3011 173 3075 Bt
186 3012 305 3075 calices
319 3012 421 3093 poscit
436 3012 578 3094 majores.
624 3012 751 3075 Vertere
765 3011 867 3094 pallor

129 3112 221 3174 Tum
235 3111 367 3194 parochi
382 3110 506 3190 faciem,
523 3110 569 3173 nil
584 3111 629 3173 sic
645 3110 817 3192 metuentis
832 3121 869 3174 ut
883 3132 972 3174 acres

131 3210 267 3291 Potores‚
283 3210 336 3274 vel
351 3209 439 3292 quod
454 3209 653 3272 maledicunt
667 3210 805 3291 liberius,
822 3211 874 3273 vel

130 3310 270 3374 Fervida
284 3309 373 3393 quod
388 3308 505 3385 subtile
520 3309 700 3371 exsurdant
714 3311 792 3372 vina
807 3312 964 3393 palatum.

132 3409 303 3474 lnvertunt
318 3409 471 3473 Allifanis
486 3409 612 3472 vinaria
626 3420 694 3472 tota
789 3419 791 3423 '

132 3507 277 3574 Vibidius
291 3510 494 3592 Balatroque,
511 3509 628 3572 secutis
643 3510 812 3574 omnibus:
835 3511 892 3575 imi

474 3739 512 3790 22.
531 3754 597 3803 quos.
664 3740 706 3789 24.
724 3738 802 3787 simul.
