2742 4250
473 292 584 343 mana
608 293 648 344 m
698 294 726 344 s.
751 292 804 345 m
1065 276 1137 348 219

111 450 237 520 Nudus
251 450 348 533 agris,
362 448 473 513 nudus
487 450 640 531 nummis,
656 450 778 530 insane,
794 438 953 533 pa'temis3

109 552 248 615 Scilicet
263 559 301 613 ut
314 549 458 632 plausus,
473 568 556 631 quos
570 548 631 613 fert
644 549 796 632 Agrippa,
812 548 898 613 seras
912 560 956 629 tu,
1077 550 1139 614 tae

113 653 237 714 Astuta
250 650 433 731 ingenuum
446 648 563 731 vulpes
577 647 703 712 imitata
719 648 901 711 leonem-
981 705 984 711 .

112 752 167 814 Ne
180 749 257 833 quis
271 748 427 813 humasse
440 747 520 811 velit
533 748 675 831 Ajacem,
692 747 815 828 Atrida,
832 758 924 811 vetas
939 748 1067 811 curl-

110 851 189 913 Rex
204 846 390 911 sum—Nil
404 846 489 911 ultra
502 864 623 928 quaero
635 846 789 929 plebeius.
834 846 879 909 Et
893 865 1034 929 aequam

110 950 200 1012 Rem
215 947 380 1029 imperito:
402 966 450 1025 ac,
465 946 493 1008 si
507 945 561 1009 cui
575 945 686 1008 videor
700 964 765 1009 non
775 947 893 1029 justus,
909 946 1012 1009 inulto

111 1048 242 1125 Dicere,
256 1044 345 1127 quod
359 1045 464 1124 sentit,
480 1042 826 1126 pennice-Maxime
841 1064 963 1127 regum,
1075 1046 1138 1108 100

113 1146 161 1209 Dt
175 1145 235 1209 tibi
249 1144 329 1207 dent
341 1152 439 1227 capta
452 1140 593 1207 classem
606 1142 765 1207 deducere
781 1144 899 1228 Troja!

115 1245 207 1327 Ergo
222 1243 389 1307 consulere
404 1253 437 1306 et
450 1262 528 1305 mox
542 1242 734 1325 respondere
749 1242 923 1307 icebitl-

113 1344 385 1407 Consule-Gur
398 1342 492 1426 Ajax,
508 1338 659 1405 hems'ab
672 1342 800 1406 Achille
816 1341 988 1423 secundus,

114 1443 271 1521 Putescit,
287 1443 380 1505 toties
393 1442 529 1506 servatis
542 1441 650 1504 clarus
664 1440 808 1521 Achivis,

115 1542 272 1605 Gaudeat
287 1551 324 1604 ut
337 1540 477 1624 populus
491 1540 611 1603 Priami
626 1541 842 1623 Priamusque
856 1542 1035 1621 inhumato,
1074 1540 1137 1604 195

115 1642 182 1703 Per
193 1660 294 1722 quem
308 1650 355 1703 tot
363 1642 502 1724 juvenes
516 1638 618 1722 patrio
632 1660 763 1703 caruere
779 1641 923 1723 sepulcro
933 1641 989 1705 l·-

116 1740 211 1804 Mille
224 1740 338 1803 ovium
351 1740 488 1802 insanus
502 1739 595 1802 morti
609 1736 706 1820 dedit,
722 1740 882 1823 inclytum
898 1740 1018 1804 Ulixen

116 1840 165 1902 Et
180 1839 368 1903 Menelaum
383 1857 452 1901 una
464 1856 595 1902 mecum
610 1856 645 1901 se
658 1838 803 1902 occidere
817 1839 1017 1901 clamans.-

119 1940 186 2018 Tu,
200 1958 278 2001 cum
292 1958 349 2020 pro
362 1937 466 2001 vitula
480 1937 597 2000 statuis
610 1937 742 2001 dulcem
757 1937 874 2001 Aulide
889 1948 1001 2002 natam

118 2040 204 2104 Ante
219 2058 301 2117 area,
317 2036 505 2119 spargisque
519 2034 609 2099 mola
623 2046 731 2120 caput,
747 2036 897 2119 improbe,
914 2036 1009 2117 salsa,
1074 2036 1138 2099 200

118 2139 260 2204 Rectum
274 2136 375 2200 anirni
389 2155 498 2200 servas
507 2137 733 2206 l-Quorsum
743 2137 942 2200 l-Insanus
957 2136 1037 2218 quid
1051 2136 1137 2200 enim

246 2237 334 2320 Ajax
651 2233 655 2239 '

120 2336 221 2416 Fecit,
236 2355 314 2398 curn
328 2334 441 2396 stravit
455 2333 536 2396 ferro
550 2335 674 2416 pecual
716 2335 881 2399 Abstinuit
896 2334 963 2399 vim

121 2435 231 2499 Uxore
245 2443 276 2497 et
290 2443 408 2516 gnato3
431 2432 519 2495 mala
532 2432 638 2496 multa
652 2444 800 2515 precatus
815 2433 944 2513 Atridis,
1062 2477 1066 2484 -

121 2533 197 2596 Non
211 2533 265 2595 ille
279 2542 338 2594 aut
352 2531 521 2595 Teucrum
535 2540 594 2594 aut
607 2531 715 2613 ipsum
729 2531 863 2594 violavit
878 2531 1050 2596 Ulixem-

121 2633 243 2697 Verum
257 2650 327 2712 ego,
341 2640 380 2692 ut
393 2630 562 2694 haerentes
574 2629 711 2693 adverso
725 2631 814 2694 litore
828 2647 930 2694 naves
1075 2630 1138 2694 205

122 2731 298 2814 Eriperem,
313 2729 455 2813 prudens
467 2729 596 2812 placavi
610 2729 771 2812 sanguine
784 2729 930 2792 divos-.-

121 2831 247 2914 Nempe
262 2842 326 2910 tuo,
343 2829 597 2908 furiosa-Meo,
612 2827 669 2890 sed
683 2845 749 2892 non
764 2827 959 2891 suriosus.-

122 2929 193 3000 uui
207 2928 330 3012 species
344 2928 427 2991 alias
437 2928 521 2990 veris
535 2926 727 3008 summimue
743 2926 887 2990 tumultu

124 3029 306 3091 Permixtas
318 3028 433 3110 capiet,
447 3035 630 3090 commotus
643 3026 822 3105 habebitur,
838 3025 935 3108 atque

122 3127 410 3207 Stultitianeerret,
426 3126 567 3190 nihilum
580 3125 720 3205 distabit,
737 3145 779 3188 an
794 3125 850 3188 ira.
1075 3125 1140 3190 210

124 3228 208 3309 Ajax
222 3245 300 3289 cnm
313 3224 488 3288 immeritos
502 3223 627 3304 occidit,
642 3217 772 3306 desipit,
782 3245 903 3308 agnos;

124 3328 209 3388 Cum
224 3323 366 3407 pmtlens
379 3324 487 3387 s‘celus
500 3324 543 3387 ob
556 3324 666 3388 titulos
680 3323 824 3388 admittis
839 3326 961 3403 inanes,

124 3424 198 3488 Stes
212 3423 323 3486 animo
337 3432 369 3485 et
382 3442 501 3506 purum
511 3432 560 3484 est
569 3423 725 3503 vitiotibi,
735 3441 812 3487 cum
823 3424 987 3488 tumidum
996 3432 1054 3505 est,
1065 3425 1139 3488 cor‘l

405 3624 461 3674 191.
478 3621 599 3672 reducere.
669 3623 722 3672 194.
741 3621 866 3672 Putrescit.

244 3700 301 3752 201.
320 3701 440 3760 Quorsum
452 3703 570 3751 insanust
586 3700 643 3764 quid
656 3704 762 3750 enim-.
828 3703 886 3752 208.
903 3702 953 3752 veri
961 3717 1025 3752 vero.

425 3783 482 3831 211.
500 3783 635 3832 immeritos
645 3799 710 3840 cum,
723 3781 838 3832 Orellius.
