2742 4250
512 962 550 1044 0.
577 965 758 1042 uoltum
791 966 946 1044 rnrccl

244 1221 648 1346 Ertsroun
691 1226 800 1323 AD
842 1227 1217 1339 Plsouus,

499 1507 563 1570 DE
592 1508 720 1572 ARTE
750 1510 961 1574 pourton.

639 1765 822 1775 ——a-—u—

259 1967 417 2032 Humano
432 1966 530 2047 capiti
544 1965 703 2028 cervicem
717 1966 818 2048 pictur
831 1968 986 2050 equinam

218 2065 357 2150 Jnngerc
373 2067 400 2153 si
415 2065 501 2146 velit,
517 2075 548 2129 et
564 2065 670 2129 varias
685 2064 838 2129 inducere
852 2065 981 2150 plumas

219 2166 370 2249 Undique
383 2166 508 2230 collatis
523 2166 684 2247 membris,
700 2176 737 2229 ut
752 2167 886 2249 turpiter
899 2177 1006 2231 atmm

218 2265 355 2353 Desinat
369 2266 402 2329 in
418 2266 540 2347 piscem
555 2265 670 2328 mulier
684 2262 824 2327 formosa
838 2286 985 2349 superne,

216 2367 406 2448 Spectatum
422 2364 555 2427 admissi
571 2366 671 2427 risum
688 2366 831 2444 teneatis,
847 2367 970 2429 amici?

216 2464 352 2545 Credite,
370 2466 510 2544 Pisones,
527 2465 578 2528 isti
594 2464 724 2527 tabulae
739 2464 805 2527 sore
820 2465 939 2528 librum

217 2565 425 2645 Persimilcm,
441 2566 542 2648 cujus,
558 2564 648 2641 velut
663 2564 750 2647 aegri
766 2565 901 2645 somnia,
916 2585 1022 2627 vanae

218 2665 398 2748 Fingentur
412 2664 542 2747 species,
558 2674 596 2727 ut
610 2683 669 2727 uec
685 2684 742 2747 pes
757 2684 817 2727 nec
830 2675 930 2749 caput
946 2666 1004 2728 uni

219 2748 384 2829 Reddatur
398 2764 527 2827 formae
572 2764 752 2827 Pictoribus
766 2773 864 2846 atque
879 2765 980 2847 poetis

217 2864 386 2936 Quidlibet
401 2864 543 2927 audendi
559 2884 683 2946 semper
698 2864 760 2927 fuit
774 2883 880 2945 aequa
894 2874 1044 2946 potestas.
1198 2870 1237 2929 ru
1358 2879 1359 2922 t

216 2966 353 3045 Scimus,
369 2976 401 3027 et
415 2965 501 3028 hanc
518 2964 647 3027 veniam
662 2964 866 3047 petimusque
881 2964 1065 3047 damusque
1081 2966 1235 3045 vicissim,
1357 3031 1358 3038 ,

216 3066 281 3130 Sed
296 3084 362 3128 non
376 3075 414 3127 ut
427 3064 563 3147 placidis
577 3076 692 3135 coeunt
707 3064 851 3145 immitia,
867 3083 933 3127 non
948 3074 985 3127 ut

216 3166 386 3247 Serpentes
401 3164 517 3229 avibus
533 3164 746 3245 geminentur,
763 3163 898 3245 tigribus
914 3165 1000 3246 agni.

219 3262 356 3345 {nceptis
371 3262 523 3344 gravibus
538 3262 728 3343 plerumque
744 3269 911 3344 et'magna
925 3261 1075 3345 professis

219 3365 410 3447 Purpureus,
425 3360 492 3423 late
506 3362 562 3442 qui
578 3361 753 3444 splendeat,
770 3381 857 3424 unus
872 3371 904 3425 et
918 3362 998 3425 alter
1201 3366 1238 3428 ib

219 3460 373 3525 Adsuitur
386 3479 532 3543 pannus,
558 3482 636 3524 cum
650 3460 745 3524 lucus
760 3471 792 3524 et
806 3482 863 3525 ara
878 3462 1005 3525 Dianae

219 3562 257 3625 Et
275 3561 471 3647 properantis
487 3579 592 3643 aquae
607 3580 663 3643 per
677 3577 831 3622 amoenos
846 3561 989 3623 ambitus
1003 3578 1106 3642 agros

632 3776 656 3827 8.
675 3773 818 3837 Fiuguutur.
855 3770 859 3775 ’
