2742 4250
448 605 628 666 cAnMnn
656 605 734 668 XII.

389 805 448 848 An
486 803 789 848 VIRGILIUM.
838 824 841 830 ·

206 984 281 1051 Jam
295 983 379 1047 veris
394 985 535 1063 comites,
552 1002 636 1065 qnae
651 980 740 1046 mere
756 993 942 1066 temperant,

207 1085 383 1167 Impellnnt
398 1083 526 1146 animae
542 1084 641 1146 lintea
655 1083 837 1149 Thraciae:

205 1186 279 1249 Janr
294 1204 356 1246 nec
370 1194 461 1266 prata
476 1183 588 1265 rigent,
603 1202 663 1261 nec
679 1181 772 1246 fluvii
787 1193 932 1266 strepunt

292 1285 433 1346 Hiberna
448 1284 523 1346 nive
539 1283 666 1366 turgidi.

206 1484 329 1548 Nidum
345 1485 442 1566 ponit,
458 1484 533 1566 Ityn
550 1484 696 1547 flebiliter
711 1503 851 1565 gemm,
1078 1486 1097 1548 5

204 1584 324 1648 Infelix
338 1584 410 1646 avis
424 1593 456 1646 et
471 1584 643 1666 Cecropiae
657 1583 774 1646 domus

204 1686 381 1747 Aeternum
396 1683 608 1766 opprobrium,
624 1682 712 1765 quod
728 1682 813 1746 male
828 1683 979 1748 barbaras

287 1785 417 1866 Regum
431 1793 480 1846 est
494 1783 565 1847 ulta
579 1782 737 1848 libidines.

205 1984 327 2047 Dicunt
342 1983 376 2046 in
391 1994 499 2048 tenero
513 1983 658 2066 gramine
673 1983 846 2066 pinguium

203 2081 774 2147 Custodesoviumcarminefistule
1059 2085 1096 2148 lll

208 2184 439 2266 Delectantque
453 2183 561 2264 deum,
577 2184 632 2248 cui
646 2202 746 2266 pecus
761 2194 793 2247 et
807 2184 889 2265 nigri

287 2283 395 2347 Colles
409 2284 568 2349 Arcadiae
582 2284 720 2367 placent.

201 2483 378 2546 Adduxere
393 2484 479 2548 srtim
495 2494 646 2567 tempora,
663 2484 775 2566 Virgili
788 2505 796 2565 3

201 2584 266 2647 Sed
281 2604 428 2666 pressum
443 2584 579 2647 Calibus
594 2584 711 2647 ducere
725 2584 879 2649 Liberum

201 2684 236 2747 Si
251 2682 358 2765 gestie,
370 2684 530 2766 juvenum
545 2684 702 2747 nobilium
717 2683 825 2764 cliens,
1054 2684 1093 2748 15

285 2782 394 2846 Nardo
408 2784 486 2846 vina
500 2784 668 2847 merebere.

202 2982 303 3045 Nardi
317 3002 437 3064 parvus
451 3000 541 3063 onyx
556 2983 660 3046 eliciet
673 2983 802 3063 cadum,

201 3082 271 3151 Qui
286 3101 375 3145 nnnc
389 3082 541 3165 Sulpiciis
556 3083 694 3145 accubat
707 3084 836 3163 horreiS,

201 3182 281 3264 Spes
296 3181 414 3244 donare
430 3201 532 3244 novas
547 3181 656 3264 largus
671 3203 847 3267 amaraque
956 3190 960 3196 '

285 3282 446 3344 Ourarum
460 3280 566 3344 eluere
581 3282 709 3348 efficax.
1051 3285 1091 3347 20

202 3476 253 3542 dd
266 3499 351 3561 quae
367 3479 394 3542 si
409 3500 557 3563 properas
572 3482 702 3564 gaudia,
717 3503 795 3545 curn
809 3492 867 3546 tua

205 3576 303 3641 Velox
319 3596 424 3642 merce
438 3581 533 3645 veni:
557 3602 622 3645 non
636 3602 697 3665 ego
712 3592 742 3645 te
758 3582 839 3645 meis

220 3776 250 3827 C.
262 3780 296 3827 xii
317 3780 355 3827 ll.
374 3779 516 3831 Delectante
528 3782 619 3841 deum,-
642 3820 647 3830 .
750 3785 786 3833 16.
805 3785 933 3833 mereberis
