2742 4250
629 252 776 308 menon

321 413 414 485 Quid
428 414 488 476 istc
502 412 562 477 fcit
577 415 761 480 tumultus?
783 415 909 498 etquid
924 413 1071 482 omniurn

363 513 482 577 Vultus
496 513 532 577 in
548 533 653 577 unum
668 534 721 577 me
736 517 866 579 trucesl

320 614 382 675 Per
396 612 511 676 liberos
527 622 566 692 te,
582 614 610 675 si
625 624 741 675 vocata
756 615 915 696 partubus
985 630 988 636 ’

363 712 492 775 Lucina
506 712 590 775 veris
605 711 707 791 affuit,
981 700 983 706 ’

322 811 384 875 Per
398 812 459 874 hoc
474 811 572 874 inane
587 831 747 898 purpurae
763 811 864 876 decus
879 833 997 895 precor,

364 913 426 974 Per
440 912 698 994 improbaturum
712 912 793 975 haec
808 912 931 993 Juvem,
983 979 992 996 ‚

321 1011 414 1081 Quid
429 1022 466 1074 ut
480 1031 619 1077 noverea
633 1032 686 1074 me
701 1012 846 1087 intueris,
862 1024 920 1076 aut
935 1013 982 1078 uti

366 1110 470 1174 Petita
484 1109 565 1174 ferro
578 1110 688 1175 bellua
696 1112 729 1174 2’2

321 1210 366 1273 Ut
380 1210 462 1272 haec
478 1210 624 1273 trementi
639 1221 774 1292 questus
789 1231 841 1273 ore
859 1212 1000 1276 constitit
1116 1293 1125 1302 ·

364 1308 550 1391 Insignibus
565 1309 664 1391 raptis
678 1329 766 1391 puer,

248 1394 251 1398 ’
323 1409 459 1490 Impube
474 1427 599 1490 corpus,
613 1409 711 1491 quale
726 1419 833 1493 posset
848 1411 947 1492 impia

368 1507 494 1571 Mollirc
509 1508 680 1571 Thracum
694 1517 841 1591 melota,

324 1605 472 1685 Canidia,
487 1607 640 1670 brevibus
653 1607 819 1690 implicata
834 1609 951 1692 viperis

367 1706 480 1769 Orines
495 1716 526 1769 et
541 1707 742 1789 incomptum
756 1717 864 1790 caput,

324 1806 422 1870 Jubet
437 1806 592 1889 sepulcris
606 1806 775 1889 caprificos
790 1818 906 1888 erutas,

366 1905 464 1970 Jubet
478 1925 649 1989 cupressus
664 1905 814 1970 funebres

325 2007 371 2070 Et
385 2017 485 2070 uncta
500 2007 601 2090 turpis
615 2026 679 2070 ova
693 2027 792 2070 ranae
808 2009 966 2090 sanguine

366 2106 584 2190 Plumamquc
598 2115 775 2170 nocturnae
790 2107 896 2191 strigis
957 2105 959 2110 ’

325 2207 527 2287 Herbasque,
542 2226 625 2289 quas
640 2205 744 2270 Iolcos
759 2216 856 2289 alque
872 2208 1005 2271 Hiberia

367 2305 476 2385 Mittit,
492 2324 693 2369 venenorum
706 2305 807 2387 ferax,

325 2405 370 2468 Et
384 2425 458 2467 ossa
472 2406 515 2467 ab
529 2424 582 2467 ore
596 2415 689 2488 rapta
699 2406 829 2489 jejunae
844 2406 936 2469 canis

367 2504 527 2569 Flammis
542 2504 635 2568 aduri
649 2505 819 2569 Colchicis.

325 2605 369 2668 At
383 2603 535 2687 expedita
549 2605 692 2687 Sagana,
707 2624 763 2687 per
777 2615 878 2667 totam
893 2604 1028 2667 domurn

369 2704 531 2786 Spargens
546 2704 725 2767 Avernales
740 2723 853 2785 aquas,

328 2803 443 2865 Horret
458 2802 584 2886 capillis
599 2812 636 2866 ut
651 2804 797 2866 marinus
811 2804 932 2887 asperis

369 2903 519 2967 Echinus
534 2915 592 2968 aut
606 2924 737 2967 currens
752 2924 837 2987 aper.

326 3005 452 3068 Abacta
466 3004 561 3067 nulla
575 3004 656 3067 Veia
669 3004 874 3083 conscientia,

370 3102 549 3184 Ligonibus
564 3103 653 3166 duris
668 3104 810 3167 humum

329 3202 562 3283 Exhauriebat,
578 3203 747 3285 ingemens
761 3203 933 3284 laboribus

369 3303 447 3373 Quo
461 3312 568 3386 posset
583 3302 724 3366 infossus
738 3322 818 3386 puer

326 3404 439 3487 Longo
454 3404 506 3466 die
520 3404 570 3467 bis
585 3414 695 3486 terque
710 3415 854 3468 mutatae
866 3404 962 3487 dapis

370 3503 507 3566 lncmori
522 3504 714 3587 spectaculo,

262 3670 285 3721 ³.
298 3681 337 3721 rur
351 3672 539 3734 quianam-0.
577 3677 755 3724 linemente.
791 3674 829 3723 15.
841 3673 942 3736 ilhgatr.
979 3674 1016 3724 18.
1029 3688 1159 3735 cupre-na

447 3754 488 3802 21.
506 3764 555 3804 aut.
589 3755 630 3804 25.
647 3756 763 3816 expetita.
797 3754 829 3803 ³³
853 3755 971 3804 bistervr
