2742 4250
267 273 338 342 230
663 286 878 338 snrrsssuu

266 447 338 512 Stes
352 444 456 527 capite
470 443 602 528 obstipo,
618 444 889 508 multumsimilis
903 443 1068 508 metuenti.

266 545 430 626 Obsequio
444 563 607 626 grassare3
630 563 734 624 moue,
750 545 779 606 si
792 544 964 607 increbruit
978 565 1067 623 aurs,

266 645 392 707 Cautus
408 646 455 706 uti
470 643 555 706 velet
568 663 682 706 carum
696 653 813 726 caput3
836 645 970 705 extrahe
985 645 1079 706 turba

267 743 429 826 Oppositis
443 744 607 824 humeris;
631 763 742 805 aurem
758 743 941 824 substringe
957 743 1093 824 loquaci.
1248 742 1305 803 92⁷·

268 843 474 925 lmportunus
488 854 578 905 amat
593 843 737 906 laudari:
760 843 873 905 Donec
889 843 962 906 Ohe
971 843 1060 926 jam!

268 941 461 1024 Admetum
475 943 626 1004 manibus
641 941 778 1004 sublatis
792 940 918 1021 dixerit,
934 961 1021 1023 urge,
1035 950 1068 1002 et

269 1041 473 1106 Crescentem
488 1041 622 1104 tumidis
637 1040 717 1104 infln
731 1041 933 1104 sermonibus
947 1052 1061 1103 utrem,

269 1141 355 1203 Cum
371 1151 401 1202 te
417 1141 545 1202 servitio
560 1141 655 1222 longo
669 1159 812 1222 curaque
826 1139 950 1218 levarit,
1000 1179 1003 1184 -

270 1240 314 1302 Et
328 1249 451 1301 certum
466 1239 615 1321 vigilans,
630 1241 779 1309 Quartae
792 1250 861 1301 esto
875 1240 974 1322 portis
988 1239 1112 1317 Ulixes,
1232 1238 1303 1300 lou

269 1338 426 1418 Audieris
443 1338 553 1420 heres;
577 1339 666 1420 Ergo
678 1358 769 1401 nunc
783 1339 893 1401 Darne
907 1338 1027 1401 sodalis

270 1437 442 1518 Nusquam
456 1441 528 1500 estl
567 1437 667 1502 Unde
681 1437 764 1500 mibi
777 1448 848 1500 tarn
859 1437 975 1500 fortem
988 1447 1120 1518 tamque
1135 1434 1303 1498 fidelem?

270 1539 390 1619 Sparge
406 1537 552 1617 subinde,
568 1547 608 1616 et,
624 1537 652 1598 si
666 1536 816 1618 paullum
830 1547 929 1619 potes,
944 1536 1153 1615 illacrimare3
1175 1545 1229 1594 est
1299 1586 1302 1591 .

270 1636 398 1698 Gaudia
413 1635 599 1718 prodentem
613 1635 742 1699 vultum
756 1635 869 1698 celare.
914 1634 1106 1717 Sepulcrum

272 1737 467 1803 Permissum
481 1735 610 1798 arbitrio
624 1735 695 1797 sine
708 1734 857 1797 sordibus
870 1745 1016 1797 exstrue:
1038 1732 1139 1795 funus
1229 1733 1300 1794 105

272 1835 407 1919 Egregie
422 1834 546 1898 factum
560 1833 671 1897 laudet
685 1834 814 1896 vicinia„
858 1834 894 1897 Si
908 1834 984 1915 quis

273 1937 365 1998 Forte
380 1933 575 1997 coheredum
589 1933 695 1996 senior
709 1933 796 1996 male
811 1932 934 2012 tussiet,
949 1931 1026 1995 huic
1042 1942 1078 1994 tu

274 2036 341 2114 Dic,
356 2055 398 2097 ex
413 2044 502 2116 parte
517 2044 582 2112 tua,
597 2053 656 2096 seu
670 2031 766 2096 fundi
780 2033 849 2095 sive
863 2031 981 2094 domus
995 2033 1037 2094 sit

274 2136 413 2217 Emptor,
430 2132 627 2217 gaudentem
641 2152 778 2196 nummo
792 2145 822 2195 te
838 2131 995 2195 addicere.
1038 2130 1103 2195 Sed
1118 2150 1171 2193 mc

275 2234 446 2317 Imperiosa
461 2233 559 2296 trahit
573 2233 782 2315 Proserpinae
804 2233 880 2295 vive
894 2231 1040 2313 valeque.
1229 2232 1298 2292 llo

719 2538 839 2549 —-—

629 2780 817 2861 ,smum
852 2779 907 2838 vr

315 3002 385 3065 Hoc
400 3014 467 3065 eret
482 3004 516 3066 in
531 3004 633 3073 votis:
655 3003 772 3067 modus
787 3004 856 3086 agri
871 3002 996 3065 nonita
1011 3020 1161 3083 magnus,

275 3102 395 3165 Hortus
410 3104 467 3165 ubi
481 3112 513 3165 et
528 3112 611 3166 tecto
625 3104 753 3167 vicinus
762 3104 851 3187 jugis
866 3122 971 3185 aquae
986 3100 1059 3165 fons

276 3202 318 3264 Et
332 3201 481 3283 paullum
495 3202 597 3265 silvae
612 3223 709 3285 super
722 3204 775 3266 his
788 3202 876 3266 foret.
921 3201 1060 3266 Auctius
1074 3208 1173 3279 atque

276 3302 318 3365 Dt
331 3300 448 3363 melius
463 3298 574 3364 secere.
618 3303 706 3366 Bene
721 3313 787 3366 est:
811 3303 858 3365 nil
873 3302 1014 3384 amplius
1028 3318 1092 3377 oro,
1155 3341 1159 3348 -

277 3398 363 3463 Maia
377 3409 461 3479 nate,
476 3399 540 3463 nisi
555 3411 591 3463 ut
606 3404 731 3485 propria
745 3405 827 3466 haec
842 3402 924 3464 mihi
938 3419 1076 3463 munera
1090 3395 1185 3459 suxis
1267 3391 1286 3449 ὁ

276 3497 310 3560 st
323 3516 429 3581 neque
444 3500 596 3583 majorem
611 3499 672 3563 seci
688 3502 809 3564 ratione
824 3502 913 3563 mela
926 3518 1003 3578 rem,

591 3699 630 3751 9³.
650 3702 775 3750 increbuit.
855 3701 910 3750 100.
927 3695 966 3749 sit.

688 3783 714 3832 S.
727 3784 759 3832 vi.
771 3785 795 3832 4.
813 3782 882 3832 nihil.

1344 4071 1345 4080 r

1344 4221 1346 4228 t
