2742 4250
625 255 824 307 cunnum

366 412 578 493 Famosisque
593 411 775 478 laboribus:

407 513 536 576 Maturo
550 512 674 594 propior
688 512 799 575 desine
814 511 918 577 funeri

367 612 452 674 lnter
467 610 575 673 ludere
590 612 740 693 virgines
1179 635 1182 639 ⁸
1216 614 1236 676 ⁶

408 711 452 773 Et
467 710 566 772 stellis
580 710 735 787 nebulam
750 730 896 792 spargere
911 711 1068 773 candidis.

367 812 450 883 Non,
466 811 493 873 si
508 808 587 891 quid
601 808 745 871 Pholoen
761 810 848 890 satis,
933 858 944 877 .

410 910 454 972 Et
468 921 507 989 te,
524 909 641 987 Chlori,
657 907 768 972 decet:
791 909 990 983 filiarcctius
1010 974 1013 981 ,

368 1010 547 1091 Expugnat
557 1010 719 1091 juvenum
733 1008 854 1089 domos,

409 1108 508 1171 Pulso
524 1108 652 1189 Thyias
668 1108 716 1171 uti
731 1109 858 1171 concita
873 1119 1036 1191 tympano.
1200 1101 1242 1165 10

368 1208 464 1281 illam
478 1207 563 1289 cogit
577 1227 667 1269 amor
681 1207 782 1274 Nothi

410 1306 568 1369 Lascivae
583 1306 723 1369 similem
738 1304 847 1369 ludere
862 1326 1013 1388 capreae:

368 1406 419 1469 Te
434 1405 529 1469 lanae
543 1424 638 1487 prope
652 1404 795 1469 nobilem

409 1506 542 1569 Tonsae
557 1494 737 1584 Luceriam,
753 1524 820 1567 non
833 1506 984 1585 citharae,
1000 1505 1126 1591 decent,

369 1604 437 1667 Nec
452 1602 512 1665 flos
527 1622 706 1684 purpureus
720 1623 820 1683 rosae,

410 1701 478 1765 Nec
494 1701 567 1783 poti,
582 1701 736 1778 vetulam,
751 1701 841 1765 faece
856 1712 949 1765 tenus
964 1701 1046 1765 cadi.

580 2322 760 2382 OARMEN
788 2322 875 2382 XVI.

516 2536 570 2578 AD
604 2536 950 2579 MAEcnnwnlu.

346 2726 511 2790 Inclusam
527 2727 665 2789 Danaen
681 2727 775 2789 turris
790 2727 925 2808 ahenea,

345 2825 573 2907 Robustacque
589 2823 718 2908 foreS,et
732 2825 869 2907 vigilum
883 2845 1004 2888 canum

346 2922 471 2986 Tristes
486 2923 644 2987 excubiae
659 2923 844 2986 munierant
857 2924 936 2986 satis

470 3022 644 3086 Nocturnis
659 3023 702 3085 ab
715 3021 878 3100 adulteris,

344 3235 381 3298 Si
396 3254 462 3297 non
476 3235 647 3315 Acrisium,
663 3234 796 3318 virginis
812 3235 940 3299 abditae

343 3333 521 3398 Custodem
535 3335 702 3416 pavidum,
717 3335 843 3418 Jupiter
855 3346 888 3398 et
901 3335 1012 3400 Venus

343 3433 523 3498 Risissent:
544 3432 610 3498 fore
625 3435 713 3498 enim
728 3445 836 3498 tutum
850 3435 910 3500 iter
923 3446 955 3500 et
968 3445 1082 3519 patena

469 3534 630 3597 Converso
644 3533 678 3600 in
694 3535 831 3616 pretium
846 3534 914 3597 deo.

655 3734 693 3782 16.
711 3734 797 3784 vetula.
