2742 4250
222 240 293 310 248
603 254 856 305 meremus

261 415 314 480 Ira
329 413 415 477 furor
429 412 535 476 brevis
548 421 615 494 est3
638 413 787 476 animum
800 431 893 495 regc3
916 413 974 494 qui
988 413 1051 476 uisi
1064 424 1162 496 paret,

261 514 419 597 Imperat:
441 512 531 576 hunc
546 511 653 591 irenis,
667 513 758 575 hunc
772 523 809 575 tu
822 532 991 594 compesce
1004 523 1129 576 catena

262 613 374 695 Fingit
388 631 509 694 equum
525 621 634 674 tenera
647 611 786 676 docilem
799 613 925 675 cervice
939 613 1093 696 magister

266 714 311 776 lre
327 713 424 791 viam,
440 731 508 793 qua
522 722 676 774 monstret
690 732 810 795 eques3
833 713 1011 792 venaticus,
1025 733 1068 776 ex
1083 733 1151 795 quo
1196 712 1235 775 65

262 813 424 895 Tempore
437 812 603 874 cernuam
617 812 735 894 pellem
750 812 880 878 latravit
892 813 928 876 in
942 812 1029 892 aula,

262 912 381 976 Militat
396 912 431 974 in
444 911 536 974 silvis
549 911 689 974 catulus.
733 911 831 976 Nunc
845 912 963 976 adhibe
976 932 1056 996 puro

262 1013 393 1075 Pectore
407 1012 514 1092 verba,
529 1029 617 1094 puer,
633 1029 723 1074 nune
737 1021 768 1074 te
782 1011 969 1075 melioribus
982 1011 1068 1074 offer.

262 1112 341 1181 Quo
355 1109 455 1174 semel
469 1119 520 1173 est
533 1110 658 1174 imbuta
672 1129 792 1191 reeens,
807 1111 949 1174 servabit
961 1109 1092 1174 odorem

262 1209 366 1273 'l'csta
380 1209 446 1272 diu.
489 1207 619 1282 Quodsi
632 1227 743 1271 cessas
756 1218 816 1272 aut
829 1219 982 1272 strenuus
995 1214 1108 1290 auleis,
1197 1211 1238 1274 ⁷0

264 1307 297 1372 N
297 1329 334 1372 ec
349 1309 478 1372 tardum
492 1309 635 1392 opperior
649 1329 710 1372 nec
723 1309 990 1392 praecedentibus
1004 1307 1096 1372 insto.

580 1851 795 1916 EPISTOLA
824 1853 888 1914 111

485 2051 745 2094 antonum
777 2051 979 2096 FLORUM.

264 2228 332 2295 Juli
347 2229 450 2309 Flore,
465 2230 584 2311 quibus
601 2240 757 2293 terrarum
771 2230 887 2294 militet
901 2232 964 2294 oris

222 2328 382 2392 Claudius
396 2328 539 2411 Augusti
554 2328 730 2412 privignus,
747 2330 827 2393 scire
841 2330 959 2393 laboro.

222 2431 397 2495 Thracane
412 2449 470 2493 vos
485 2430 678 2513 Hebrusque
692 2429 795 2493 nivali
809 2430 963 2514 compede
979 2433 1116 2513 vinctus,

221 2531 275 2594 An
290 2529 371 2593 freta
384 2528 510 2593 vicinas
525 2529 607 2594 inter
620 2530 781 2593 currentia
796 2544 905 2610 turres,

222 2632 275 2694 An
290 2632 427 2715 pingues
443 2632 540 2695 Asiae
555 2633 662 2714 campi
676 2633 841 2715 collesque
856 2634 1046 2697 morantur?
1220 2639 1239 2701 5
1348 2629 1349 2694 j

222 2729 315 2801 Quid
330 2729 474 2794 studiosa
489 2732 602 2795 cohors
613 2751 747 2814 operum
762 2732 879 2796 struit?
921 2734 993 2796 Hoc
1007 2754 1138 2817 quoquc
1153 2754 1238 2801 curo.

221 2830 309 2899 Quis
324 2830 385 2893 sibi
399 2850 449 2893 res
465 2840 571 2912 gestas
586 2832 729 2914 Augusti
744 2832 877 2895 scribere
893 2834 1016 2896 sumiti
1348 2827 1349 2834 ἵ

222 2928 312 2993 Bella
327 2929 400 3013 quis
414 2939 447 2992 et
461 2949 557 3012 paces
572 2929 706 3013 longum
721 2930 874 2994 diffundit
888 2932 922 2994 in
937 2933 1081 2996 aevum?

221 3028 315 3098 Quid
330 3028 449 3109 Titius,
465 3030 614 3093 Romana
629 3030 718 3095 brevi
733 3041 890 3095 venturus
905 3032 938 3094 in
954 3052 1019 3112 ora,

223 3127 383 3191 Pindarici
398 3127 494 3192 fontis
509 3130 647 3211 quinon
662 3130 821 3212 expalluit
835 3132 984 3211 haustus²
1201 3134 1238 3197 ill

223 3227 382 3290 Fastidire
397 3227 489 3290 lacus
503 3240 535 3289 et
549 3228 633 3291 rivos
649 3249 750 3293 ausus
765 3231 915 3313 apertos?

223 3326 265 3388 llt
280 3326 390 3390 valeti
412 3337 449 3390 ut
464 3328 610 3391 meminit
624 3330 747 3393 nostrii
769 3330 931 3394 fidibusne
945 3330 1072 3394 Latinis

221 3425 398 3489 'l'lrebanos
413 3436 522 3508 aptare
538 3427 650 3491 modos
665 3428 772 3491 studet
787 3433 918 3512 auspice
934 3431 1041 3509 Musa,

224 3524 272 3587 An
288 3525 410 3607 tragica
424 3525 569 3589 desaevit
583 3537 615 3590 et
630 3529 830 3610 ampullatur
844 3530 878 3593 in
894 3530 986 3594 artel

220 3623 313 3693 Quid
338 3624 420 3689 mihi
446 3624 561 3690 Celsus
587 3628 678 3711 agit?
709 3630 853 3692 monitus
877 3629 1085 3715 multumqu·
1110 3651 1240 3697 monen-

346 3724 417 3805 dus,
682 3800 684 3804 ¹
1201 3733 1239 3796 lb
