2742 4250
640 263 840 314 ommuni

360 422 467 486 Jactes
482 432 513 484 et
528 440 632 503 genus
647 431 678 484 et
692 439 812 484 nomen
826 420 960 484 inutile:

359 520 415 585 Nil
428 520 521 603 pictis
537 519 670 583 timidus
684 520 797 583 navita
810 520 972 601 puppibus

401 618 508 684 Fidit:
531 620 597 700 Tu,
613 620 675 682 nisi
690 619 795 681 ventis

444 719 551 782 Debes
567 717 751 797 ludibrium,
766 735 855 779 eave.

360 916 470 999 Nuper
485 917 657 979 sollicitum
672 936 757 998 quae
771 916 854 979 mihi
868 914 1020 996 taedirnrr,

361 1017 458 1081 Nune
473 1015 676 1096 desiderium,
693 1035 835 1098 curaque
849 1036 917 1080 non
932 1018 1025 1097 levis,

401 1115 561 1179 Intersusa
575 1117 715 1180 nitentes

443 1215 532 1278 Vites
547 1235 688 1299 aequora
703 1215 875 1296 Cycladas.

607 1836 786 1898 GARMEN
807 1836 876 1897 XV.

358 2049 471 2092 NEREI
496 2049 719 2093 VATICINIUM
743 2053 789 2093 DE
814 2051 967 2118 Encrnlo
989 2050 1133 2094 Tuom.

319 2241 430 2304 Pastor
444 2261 521 2304 curn
537 2242 672 2304 traheret
686 2262 742 2323 per
756 2240 836 2304 freta
850 2241 989 2304 navibus

319 2338 424 2405 Idaeis
439 2334 585 2435 Helenen
600 2326 742 2422 perfidus
760 2340 929 2422 hospitam,

320 2441 447 2521 Ingrato
462 2439 579 2502 celeres
593 2434 698 2522 obruit
713 2439 778 2503 otio

362 2538 489 2618 Ventos,
505 2547 542 2599 ut
555 2548 683 2600 caneret
697 2537 763 2600 fera

321 2736 443 2827 Nereus
459 2735 528 2827 sata
535 2758 543 2818 ς
566 2736 656 2799 Mala
671 2737 763 2799 ducis
778 2736 833 2799 avi
846 2736 988 2816 domum,

320 2837 433 2905 Quam
447 2836 550 2898 multo
564 2846 682 2918 repetet
697 2835 831 2899 Graecia
844 2836 954 2916 milite,

321 2935 495 3018 Oonjurata
510 2946 583 2998 tuas
598 2924 745 3019 rumpere
759 2937 890 3019 nuptias

362 3034 407 3096 Et
421 3028 556 3116 reguum
570 3036 691 3099 Priami
706 3046 808 3097 vetus.

321 3232 404 3310 Heu,
419 3231 507 3295 heu!
531 3241 674 3313 quantus
689 3232 791 3313 equis,
806 3242 950 3314 quantus
968 3231 1059 3317 adest
1075 3230 1150 3297 siris
1362 3243 1364 3380 p

320 3332 446 3396 Sudor!
471 3341 594 3413 quanta
609 3350 720 3399 moyes
735 3330 848 3394 funera
862 3330 1035 3395 Dardanae
1209 3332 1248 3397 1⁰

320 3422 437 3494 Genti!
481 3424 556 3519 Jani
571 3430 700 3511 galeam
713 3430 824 3494 Pallas
838 3440 870 3493 et
885 3429 1001 3519 aegida
1361 3441 1362 3448 ’

363 3530 548 3611 Curiusque
564 3539 595 3591 et
609 3529 732 3593 r‘abiem
745 3542 845 3613 parat

307 3732 344 3781 15.
362 3730 401 3779 Tu
413 3731 459 3779 nisi
470 3732 548 3781 ventis
560 3731 640 3779 Debes
651 3730 777 3782 ludrbritun
788 3746 856 3781 esve.
975 3729 1005 3779 0.
1017 3744 1057 3779 xv.
1069 3730 1091 3780 9.
1109 3729 1185 3779 Eheu.
