2742 4250
629 235 830 288 cnumcri

432 394 529 458 Nunc
544 394 578 456 in
592 395 786 466 reluctantes
799 393 957 462 dracones

475 493 553 576 Egit
566 513 656 558 amor
669 493 764 576 depis
778 504 877 576 atque
890 512 1039 577 pugnaet

390 691 576 762 Qualemve
590 691 683 754 laetis
697 708 815 774 caprea
826 693 961 774 pascuis
1053 720 1058 728 ·

391 792 529 873 intenta,
535 789 645 854 fulvae
659 791 772 866 matris
786 792 830 860 ab
843 792 940 859 ubere

432 891 452 956 J
453 911 508 954 am
523 890 606 954 lacte
620 889 796 976 depulsum
809 890 944 970 leonem,

474 991 579 1053 Dente
594 1009 679 1052 novo
694 990 841 1071 peritura,
856 989 938 1078 vidit
949 1011 962 1078 t⁸

393 1188 504 1252 Videre
518 1189 629 1252 Raetis
644 1188 729 1257 bella
744 1188 806 1253 sub
819 1187 956 1270 Alpibus

390 1291 535 1354 Drusum
550 1298 714 1370 gerentem
728 1287 887 1356 Vindelici
896 1288 1068 1369 3-quibus

434 1387 507 1450 Mos
523 1386 610 1450 unde
624 1385 785 1456 deductus
797 1405 856 1471 per
868 1406 965 1453 omne

475 1487 623 1568 Tempus
639 1487 820 1574 Amazonia
834 1487 956 1574 securi¹
1062 1501 1068 1517 ¹

391 1687 531 1749 Dextras
546 1686 698 1765 obarmet,
713 1705 865 1766 quaerere
880 1685 990 1748 distuli
1002 1707 1010 1767 3

392 1785 461 1849 Nec
476 1785 555 1848 scire
570 1783 620 1847 fas
635 1794 683 1846 est
696 1785 807 1846 omnia
818 1783 925 1866 ;-sed
942 1783 1000 1847 diu

436 1884 582 1965 Lateque
596 1883 744 1946 victrices
758 1893 905 1946 catervae

476 1983 626 2048 Consiliis
637 1983 768 2067 juvenis
783 1983 920 2045 revictae

392 2186 535 2263 Sensere,
551 2183 630 2265 quid
644 2202 737 2245 mens
752 2183 818 2263 rite,
833 2182 913 2264 quid
928 2181 1051 2245 indoles

394 2283 524 2349 Nutrita
538 2280 653 2346 faustis
668 2283 731 2345 sub
744 2282 961 2365 penetralibus

435 2385 555 2464 Posset,
571 2382 651 2465 quid
666 2382 809 2465 Augusti
823 2392 976 2466 patemus

476 2484 516 2547 In
531 2500 645 2566 pueros
661 2483 791 2545 animus
805 2482 958 2546 Nerones

394 2700 506 2763 Fortes
520 2706 669 2762 creantur
683 2694 816 2761 fortibus
831 2677 969 2760 01101111
977 2716 987 2778 ;

394 2798 456 2861 Est
470 2797 504 2860 in
513 2798 672 2882 juvencis,
687 2807 736 2861 est
750 2798 785 2860 in
799 2797 891 2879 equis
905 2807 1035 2879 patrum

436 2897 554 2979 Virtus,
569 2916 674 2979 neque
689 2896 853 2959 imbellem
867 2894 987 2958 feroces

478 2998 693 3083 Progenerant
708 2994 837 3078 aquilae
853 2983 1063 3058 columbam}

395 3211 549 3276 Doctrina
564 3209 620 3272 sed
635 3210 704 3271 vim
716 3219 883 3291 promovet
895 3206 1037 3287 insitam,

396 3310 552 3390 Rectique
566 3308 674 3371 cultus
689 3317 817 3389 pectora
831 3308 1000 3371 roborant:

436 3408 611 3490 Utcunque
625 3406 768 3471 defecere
781 3426 895 3487 mores,

478 3506 669 3573 indecorant
682 3506 765 3571 bene
778 3517 857 3571 nata
871 3504 997 3589 culpae

457 3723 497 3770 24.
515 3738 643 3784 repressae.
792 3722 833 3771 ³6.
852 3722 1012 3771 Dedecorant.
