2742 4250
232 225 304 298 200
626 242 841 294 srrmrnnu

234 399 465 482 Expugnabis3
487 410 519 462 et
533 401 653 483 estqui
667 401 756 464 vinci
770 402 877 484 possit,
892 421 995 485 eoque
1209 405 1246 468 50

232 499 388 562 Difficiles
402 498 510 587 aditus
524 501 643 582 primos
658 501 909 566 habet-Haud
924 501 1005 565 mihi
1019 501 1131 564 deero:

232 599 420 664 Muneribus
434 619 543 664 servos
556 620 780 683 corrumpam:
803 621 877 683 non,
893 601 988 664 hodie
1003 602 1031 664 si

231 699 398 762 Exclusus
412 698 511 780 fuero,
526 699 681 764 desistam
693 721 700 782 ;
725 712 868 783 tempora
882 721 1055 783 quaeram:

229 799 407 862 Occurram
421 799 455 862 in
471 799 590 880 triviis3
612 799 794 864 deducam!
838 801 893 864 Nil
909 801 978 864 sinc
992 821 1112 884 magno

229 899 303 961 Vita
318 898 425 960 labore
439 897 528 960 dedit
542 899 876 964 mmmmm-Haec
892 900 973 964 dum
987 902 1063 983 agit,
1078 922 1153 966 ecce
1206 905 1249 968 60

232 999 359 1061 Fuscus
374 999 513 1060 Aristius
526 998 672 1077 occurrit,
688 999 769 1062 mihi
783 1018 888 1080 carus,
903 1000 1044 1074 stillum

139 1153 144 1161 .
228 1099 298 1168 Qui
312 1098 447 1181 pulchre
461 1108 579 1162 nosset.
622 1097 849 1162 Consistimus.
893 1099 989 1164 Unde
1004 1099 1120 1164 venisl
1143 1112 1182 1181 et,

228 1201 307 1269 Quo
322 1198 451 1262 rendist
473 1209 564 1281 rogat
577 1208 610 1262 et
623 1198 803 1281 respondet.
848 1199 971 1262 Vellere
986 1201 1085 1283 coepi,

229 1299 273 1362 Et
286 1318 436 1381 prensare
450 1318 553 1362 manu
567 1299 746 1362 lentissima
761 1299 902 1378 brachia,
918 1311 1049 1380 nutans,

230 1399 444 1480 Distorquens
457 1399 578 1477 oculos,
594 1408 631 1462 ut
645 1418 698 1460 me
712 1398 853 1481 eriperet
899 1399 986 1464 Male
1001 1399 1108 1462 salsus
1205 1403 1249 1464 65

230 1498 351 1563 Ridens
366 1497 587 1580 dissimulare3
610 1517 723 1562 meum
732 1499 824 1582 jecur
839 1519 929 1562 urere
943 1499 1062 1562 bilis.-

229 1598 322 1661 Oerte
336 1597 445 1660 nescio
458 1596 539 1679 quid
553 1607 675 1683 secreto
688 1597 773 1660 velle
787 1597 876 1680 loqui
892 1609 922 1660 te
974 1660 977 1664 .

229 1700 347 1762 Aiebas
362 1698 680 1762 mecum-Memini
695 1698 785 1778 bene,
801 1697 857 1762 sed
872 1698 1001 1762 meliore

228 1798 388 1883 Tempore
402 1797 532 1861 dicam:
552 1797 649 1860 hodie
663 1797 826 1862 tricesima
841 1797 994 1861 sabbata:
1018 1798 1083 1861 vin'
1099 1808 1136 1861 tu

229 1899 337 1961 Curtis
351 1897 486 1963 Judaeis
500 1896 656 1980 oppedere
665 1897 824 1960 l-Nulla
839 1897 929 1977 mihi,
945 1897 1089 1979 inquam,
1205 1900 1249 1962 70

229 1998 353 2080 Religio
367 2000 512 2061 est-At
526 2008 591 2061 mt:
613 2016 689 2059 sum
704 1996 814 2078 paullo
828 1996 992 2076 infirmior,
1009 2016 1097 2060 unus
1363 1989 1364 2014 ³

229 2097 416 2161 Multorum.
460 2097 632 2180 Ignosces3
655 2096 739 2160 alias
755 2095 1092 2178 loquar-Hunccine
1108 2096 1212 2162 solem

229 2198 316 2260 Tam
329 2198 460 2279 nigrum
475 2216 607 2259 surrexe
622 2196 725 2259 mihi!
770 2196 870 2279 Fugit
885 2196 1049 2279 improbus
1064 2216 1102 2260 ac
1117 2217 1171 2259 me

227 2298 298 2361 Sub
312 2296 415 2361 cultro
429 2297 555 2378 linquit.
599 2296 690 2359 Casu
705 2296 793 2359 venit
807 2296 924 2359 obvius
938 2296 983 2359 illi

227 2396 449 2476 Adversarius,
463 2406 513 2460 et:
536 2397 615 2466 Quo
628 2406 674 2476 tu,
690 2396 896 2478 turpissime?
918 2415 1040 2477 magna
1204 2400 1245 2462 75

227 2495 388 2559 Inclamat
402 2514 499 2559 voce:
520 2505 571 2559 et:
592 2495 685 2559 Licet
699 2495 877 2559 antestari?
921 2494 994 2577 Ego
1008 2514 1083 2561 vero

228 2595 364 2677 Oppono
377 2594 578 2659 auriculam:
600 2595 684 2678 rapit
698 2595 732 2658 in
742 2596 816 2678 jus3
839 2594 961 2657 clamor
976 2594 1134 2675 utrinque,

229 2694 380 2777 Undique
394 2714 581 2759 concursus.
623 2696 679 2759 Sic
695 2714 748 2757 me
763 2694 904 2757 servavit
917 2694 1042 2777 Apollo.

297 2910 337 2959 oo.
355 2910 466 2961 dnnrait.
533 2910 573 2960 6⁴.
591 2910 711 2960 Pensm.
778 2910 817 2960 69.
833 2912 915 2959 vistu.
982 2911 1021 2961 76.
1040 2907 1175 2961 &donat

652 2992 693 3045 77.
710 2992 823 3055 Appono.
