2742 4250
248 280 314 351 158
675 283 816 344 nrono'n

346 449 461 515 Gaude
476 460 558 513 sorte
574 460 648 514 tua:
671 471 724 514 me
739 451 894 532 libertina,
911 470 1016 533 neque
1033 471 1098 514 uno
1222 454 1259 513 15

405 551 573 630 Contenta,
589 551 720 633 Phryne
735 561 887 613 macerat

690 867 808 882 h*

610 1111 788 1173 CARMEN
819 1111 889 1172 XV.

576 1311 634 1354 An
671 1311 957 1354 Nauarum

351 1487 426 1551 Nox
441 1496 509 1550 erut
523 1498 554 1550 et
568 1488 657 1550 coelo
671 1487 816 1570 fulgebat
831 1488 910 1551 luna
926 1509 1037 1551 sereno

410 1587 497 1649 Inter
511 1587 635 1649 minora
650 1587 762 1666 sidera,

349 1687 435 1748 Cum
450 1696 494 1766 tu,
510 1706 704 1768 magnorum
719 1706 842 1748 numen
859 1687 984 1749 laesura
999 1687 1140 1766 deorum,

409 1786 448 1848 ln
464 1787 562 1849 verba
571 1787 704 1870 jurabas
719 1806 809 1866 mea„

349 1886 469 1965 Artius,
484 1896 581 1968 atque
597 1886 715 1947 hedera
730 1905 860 1968 procera
875 1885 1082 1968 adstringitur
1097 1886 1170 1965 ilex,
1240 1887 1261 1950 5

410 1985 522 2048 Lentis
537 1984 717 2047 adhaerens
735 1985 891 2046 brachiis:
1005 2029 1006 2032 ,

352 2086 442 2149 Dum
456 2085 560 2168 pecori
576 2085 682 2167 lupus
698 2095 730 2148 et
744 2085 853 2149 nautis
868 2083 1003 2147 infestus
1019 2084 1118 2147 Orion

411 2187 574 2249 Turbaret
587 2185 760 2248 hibernum
776 2205 872 2262 inore,
942 2185 945 2192 '

352 2286 562 2367 lntonsosque
577 2286 712 2367 agitaret
727 2284 886 2367 Apollinis
902 2303 980 2346 aura
995 2286 1136 2367 capillos

411 2387 494 2449 Foro
509 2385 599 2447 bunc
614 2405 755 2447 amorem
771 2396 933 2447 mutuum.
1222 2389 1264 2451 10

350 2485 380 2547 0
395 2485 533 2547 dolitura
548 2504 621 2547 mea
636 2485 777 2547 multum
792 2485 909 2546 virtute
926 2483 1066 2547 Neaera!

410 2584 505 2663 Nam,
522 2584 643 2666 siquid
658 2585 692 2647 in
707 2583 827 2647 Flacco
843 2584 901 2646 viri
916 2595 972 2663 est,

354 2684 424 2747 Non
441 2683 518 2745 seret
533 2683 681 2745 assiduas
696 2684 807 2766 potiori
824 2694 854 2745 te
869 2683 944 2745 dare
960 2694 1077 2763 nocteS,

410 2784 456 2846 Et
470 2793 602 2865 quaeret
616 2784 717 2845 iratus
732 2804 859 2865 parem3

350 2882 418 2945 Ncc
432 2883 532 2945 semel
547 2882 688 2945 offensae
703 2882 794 2945 cedet
809 2883 990 2945 constantia
1006 2880 1132 2961 formae,
1223 2885 1263 2947 15

410 2982 446 3045 Si
461 2993 567 3044 certus
582 2982 706 3046 intrarit
720 2981 816 3045 dolor.

350 3082 394 3143 At
408 3091 453 3159 tu,
468 3082 656 3164 quicunque
673 3102 708 3144 es
724 3080 844 3145 felicior
858 3093 954 3164 atque
970 3102 1041 3143 ineo
1057 3100 1143 3144 nunc

412 3182 576 3264 Superbus
591 3182 714 3244 incedis
729 3182 824 3261 malo,

300 3347 303 3352 ,
350 3281 402 3344 Sis
418 3300 529 3361 pecore
544 3292 575 3343 et
590 3281 694 3343 multa
709 3281 799 3343 dives
815 3281 926 3343 tellure
943 3282 1048 3344 licebit

411 3380 552 3460 Tibique
567 3381 719 3443 Pactolus
735 3380 823 3460 fluat*

350 3478 419 3543 Nec
434 3489 465 3540 te
480 3479 683 3562 Pythagorae
699 3480 815 3543 fallant
831 3501 949 3543 arcana
965 3480 1076 3560 renati,

411 3580 593 3660 Formaque
609 3581 722 3643 vincas
738 3580 843 3661 Nirea,

545 3777 575 3826 C.
589 3794 627 3827 xv.
640 3780 664 3835 8,
674 3781 697 3829 9.
716 3781 951 3843 turbarit-agitarit.
