2742 4250
457 284 566 335 mult
591 284 631 335 11.
680 284 709 335 S.
735 285 770 335 V.

496 618 655 678 SATIRA
686 616 719 679 V.

181 858 253 921 Hoc
267 877 407 939 quoque,
423 856 559 937 Tiresia,
576 869 699 939 praeter
713 869 842 921 narrata
857 859 978 942 petenti

140 954 320 1039 Responde,
336 957 456 1039 quibus
470 957 608 1019 amissas
622 977 767 1040 reparare
782 978 901 1040 queam
917 978 966 1021 res

139 1057 272 1121 Artibus
287 1068 385 1139 atquc
398 1055 512 1119 modis.
556 1056 648 1127 Quid
672 1057 756 1120 rides
766 1058 940 1121 t-Jamne
955 1057 1066 1123 doloso

139 1154 215 1220 Non
229 1155 310 1218 satis
323 1166 373 1218 est
386 1156 535 1219 Ithacam
549 1156 658 1220 revehi
673 1157 856 1239 patriosque
872 1168 1003 1241 penates

139 1254 413 1337 Adspiceret-O
427 1256 510 1318 nulli
524 1255 705 1338 quidquam
721 1256 861 1337 mentite,
877 1257 970 1320 vides
985 1268 1021 1321 ut
1095 1258 1114 1320 ὅ

141 1354 260 1417 Nudus
275 1355 431 1438 inopsque
445 1355 580 1419 domum
595 1355 734 1436 redeam,
751 1366 781 1419 te
793 1367 885 1439 vate;
910 1376 1014 1441 neque
1029 1358 1094 1422 illic

141 1456 208 1517 Aut
222 1455 379 1537 apotheca
393 1456 496 1538 procis
511 1455 633 1518 intacta
646 1466 696 1519 est
711 1466 769 1519 aut
784 1476 902 1539 pecus:
925 1459 1017 1540 atqui

141 1555 186 1618 Et
200 1574 304 1637 genus
318 1566 351 1617 ct
365 1556 476 1634 virtus,
492 1555 554 1618 nisi
568 1574 645 1619 cum
661 1575 702 1635 re,
719 1555 811 1619 vilior
825 1556 900 1639 alga
917 1569 1019 1621 est.-

140 1653 287 1723 Quando
301 1654 486 1737 pauperiem
500 1654 607 1717 missis
622 1655 815 1738 ambagibus
830 1656 946 1735 horres,

140 1754 270 1837 Accipe,
285 1773 352 1835 qua
366 1754 487 1817 ratione
501 1774 603 1836 queas
618 1754 780 1818 ditescere.
825 1755 960 1819 Turdus
1077 1756 1116 1817 10

140 1856 218 1920 Sive
233 1854 323 1917 aliud
337 1854 467 1935 privum
481 1853 610 1917 dabitur
624 1854 689 1934 tibi,
705 1854 832 1917 devolet
847 1854 933 1934 illuc,

141 1956 205 2018 Res
220 1952 278 2016 ubi
291 1972 413 2035 magna
428 1953 515 2033 nitet,
530 1953 661 2016 domino
676 1973 770 2015 sene:
793 1952 902 2015 dulcia
918 1972 1012 2034 poma

145 2054 186 2116 Et
200 2071 412 2136 quoscunque
428 2051 505 2115 seret
519 2052 627 2115 cultus
643 2052 700 2115 tibi
715 2051 838 2115 fundus
852 2051 998 2131 honores,

140 2155 226 2217 Ante
242 2152 359 2215 Larem
374 2162 482 2234 gustet
496 2153 709 2215 venerabilior
723 2153 806 2214 Lare
822 2151 913 2213 dives
926 2173 933 2231 ς

141 2253 211 2324 Qui
226 2251 378 2334 quamvis
393 2254 538 2335 perjurus
551 2253 618 2332 erit,
634 2252 704 2315 sine
720 2261 822 2334 gente,
837 2263 990 2314 cruentus
1065 2253 1116 2314 *15

142 2351 309 2434 Sanguine
324 2350 471 2433 fraterno,
487 2352 653 2436 fugitivus,
669 2372 711 2415 ne
726 2362 835 2414 tamen
851 2351 896 2413 illi

142 2452 196 2514 Tu
213 2470 322 2514 comes
336 2453 481 2533 exterior,
498 2454 525 2516 si
541 2453 690 2535 postulet,
706 2452 751 2514 ire
767 2447 948 2514 recuses,-

144 2551 229 2614 Utne
245 2562 353 2636 tegam
368 2573 483 2635 spurco
500 2554 625 2616 Damae
641 2552 750 2633 latusl
794 2550 894 2614 Haud
910 2551 953 2612 ita
969 2551 1086 2634 Trnjae

143 2652 196 2714 Me
209 2652 308 2738 gessi,
323 2664 450 2716 certans
465 2672 590 2735 semper
603 2652 930 2733 melioribus-Ergo

142 2748 272 2836 Pauper
285 2753 531 2817 eris-Fortem
545 2752 607 2814 hoc
622 2751 771 2814 animum
787 2750 917 2812 tolerare
928 2750 1061 2833 jubebo:
1077 2750 1118 2812 20

125 2841 189 2918 ,Ἔῑ
202 2853 369 2935 quondam
384 2854 504 2936 majora
519 2851 589 2915 tuli.
634 2852 692 2914 Tu
707 2851 860 2933 protinus,
876 2850 963 2912 unde

111 2957 113 2961 ’
145 2953 284 3016 Divitias
298 2953 445 3034 aerisque
460 2971 562 3030 ruam,
577 2950 630 3012 dic
645 2969 759 3032 augur,
775 2969 961 3012 acervos.—

145 3053 222 3116 Dixi
237 3053 389 3135 equidem
403 3061 435 3114 et
450 3050 541 3115 dico:
563 3060 673 3132 captes
688 3060 816 3113 astutus
831 3049 951 3131 ubique

146 3154 357 3216 Testamenta
372 3172 497 3231 senum,
513 3170 587 3230 neu,
603 3151 631 3213 si
647 3149 737 3212 vafer
751 3169 838 3212 unus
853 3159 885 3212 et
899 3149 979 3212 alter

146 3253 367 3317 insidiatorem
382 3271 528 3335 praeroso
543 3249 659 3332 fugerit
673 3251 779 3331 hamo,
940 3321 943 3328 ,
1078 3248 1118 3312 ’25

147 3353 212 3417 Aut
226 3371 316 3434 spem
330 3350 473 3434 deponas
488 3360 546 3413 aut
560 3360 661 3412 artem
677 3349 793 3411 illusus
807 3349 945 3411 omittas

32 3468 36 3482 ·
149 3451 268 3534 Magna
282 3450 427 3513 minorve
442 3449 508 3513 foro
522 3450 550 3512 si
565 3470 615 3512 res
630 3449 803 3511 certabitur
817 3448 902 3526 olim,

151 3549 201 3614 vn
208 3562 240 3614 et
255 3560 326 3613 uter
340 3550 483 3632 locuples
498 3551 567 3612 sine
583 3550 697 3631 gnatis,
715 3548 886 3628 improbae,
902 3545 986 3608 ultro

380 3766 399 3814 S
422 3783 440 3816 r.
454 3767 477 3815 3.
496 3765 587 3822 dolose,
601 3771 639 3829 lut
651 3767 684 3814 rit
697 3765 843 3819 vocatione).

336 3809 371 3861 12
