2742 4250
456 240 617 290 mnan
667 239 804 293 rexrv.
1064 228 1136 299 263

162 398 304 462 Sedulus
317 397 478 480 importes,
493 417 590 480 opera
604 399 796 461 vehemente
810 397 963 464 minister.
1117 404 1137 464 d

161 499 196 563 Si
210 510 242 561 te
257 497 337 561 forte
351 517 444 560 meae
459 499 567 578 gravis
581 508 652 560 uret
666 498 794 561 sarcina
807 498 947 580 chartae,

161 599 299 683 Abjioito
314 598 430 680 potius,
445 615 556 678 qnam,
571 616 637 680 quo
651 598 786 680 perferre
796 599 926 683 juberis,

155 696 308 774 ‚Clitellas
322 695 408 760 ferus
423 697 593 778 impingas,
609 699 794 780 Asinaeque
808 710 978 781 paternum

161 798 350 878 Cognomen
365 806 472 858 vertas
487 796 521 858 in
535 796 638 859 risum
652 807 684 860 et
698 797 812 861 fabula
828 797 898 861 fias.

161 898 291 961 Viribus
305 896 403 958 uteris
418 915 475 977 per
488 896 597 976 clivos,
613 896 760 978 flumina,
776 899 901 980 lamas3
1100 899 1163 961 10.

161 998 270 1059 Victor
284 996 434 1078 propositi
449 995 548 1058 simul
561 1016 601 1059 ae
615 999 796 1079 perveneris
811 998 897 1077 illue,

161 1097 216 1160 Sic
230 1097 372 1178 positum
387 1095 531 1158 servabis
545 1115 638 1176 onus,
654 1115 696 1158 ne
711 1096 790 1162 forte
806 1099 868 1161 sub
883 1098 937 1160 ala

161 1194 372 1260 Fasciculum
387 1205 492 1277 portes
506 1194 667 1275 librorum,
682 1207 721 1260 ut
734 1198 874 1260 rusticus
888 1217 1021 1280 agnum,

161 1297 206 1360 Ut
220 1296 335 1358 vinosa
350 1295 478 1376 glomus
492 1294 631 1358 furtivae
645 1295 784 1379 Pyrrhia
798 1297 902 1376 lanae,

161 1397 207 1459 Ut
220 1415 298 1458 eum
313 1393 429 1477 pileolo
443 1394 547 1457 soleas
561 1395 701 1458 conviva
716 1396 851 1459 tribulis.
1099 1397 1137 1460 15

161 1495 211 1559 Ne
226 1494 328 1577 vulgo
342 1514 460 1574 narres,
476 1503 508 1556 te
523 1493 692 1558 sudavisse
706 1495 837 1560 ferendo

160 1592 326 1672 Carmina,
341 1612 426 1675 quae
440 1594 564 1677 possint
577 1594 688 1658 oeulos
703 1614 861 1678 auresque
876 1615 990 1658 morarr

160 1692 310 1756 Caesaris
314 1713 324 1774 3
334 1701 443 1756 oratus
457 1693 561 1759 multa
575 1711 676 1775 prece,
692 1694 792 1756 nitere
806 1713 905 1776 porro.

164 1790 264 1870 Vade,
279 1790 373 1872 vale3
395 1809 484 1870 eave,
501 1810 543 1854 ne
557 1790 676 1854 titubes
690 1791 911 1872 mandataque
926 1791 1065 1874 frangas.

570 2091 688 2105 bn*

464 2336 678 2398 EPISTOLA
705 2335 794 2396 XIV.

387 2534 441 2575 Ab
471 2536 710 2578 vrnnlcum
741 2535 873 2577 SUUM.

204 2712 318 2775 Villice
334 2712 490 2775 silvarum
505 2712 632 2775 etmihi
647 2733 699 2775 me
714 2712 875 2776 reddentis
890 2710 995 2793 agelli,

162 2814 275 2881 Quem
289 2821 325 2874 trr
340 2810 474 2891 fastidis,
491 2812 673 2874 habitatum
689 2811 833 2893 quinque
848 2809 926 2872 focis
941 2819 973 2871 et

162 2910 320 2993 Quinque
335 2912 435 2973 bonos
450 2910 581 2973 solitum
595 2910 727 2974 Variam
742 2909 899 2973 dimittere
914 2918 1028 2990 patres,

162 3009 339 3089 Certemus,
355 3008 465 3091 spinas
480 3010 633 3073 animone
647 3028 708 3092 ego
722 3008 834 3071 fortius
850 3027 892 3069 an
909 3016 944 3069 tu

163 3107 297 3171 Evellas
311 3129 396 3191 agro,
412 3120 443 3171 et
459 3110 570 3172 melior
584 3110 626 3172 sit
640 3109 795 3172 Horatius
810 3127 853 3169 an
868 3126 926 3170 res.
1117 3106 1136 3169 b

163 3208 216 3272 Me
230 3208 382 3289 quamvis
397 3203 533 3270 Lamia'e
546 3208 650 3290 pietas
664 3218 696 3270 et
711 3227 789 3271 cura
804 3217 953 3285 moratur,

166 3308 310 3372 Fratrem
325 3309 505 3388 moerentis,
520 3318 611 3390 rapto
626 3307 666 3370 de
681 3306 776 3370 fratre
791 3307 927 3370 dolentis

162 3405 383 3487 insolabiliter,
400 3417 509 3470 tamen
524 3409 607 3471 istuc
623 3428 716 3470 mens
731 3408 926 3488 animusque

162 3505 247 3586 Fert,
262 3516 295 3569 et
308 3517 399 3569 amat
413 3508 525 3589 spatiis
539 3508 701 3570 obstantia
715 3526 861 3589 rumpere
876 3504 1026 3568 claustra.

161 3601 249 3668 Rure
263 3624 323 3687 ego
337 3606 511 3686 viventem,
527 3616 563 3668 tu
578 3605 660 3669 dicis
675 3606 710 3668 in
725 3606 802 3668 urbe
817 3604 967 3668 beatum:
1101 3600 1137 3663 10

162 3703 225 3767 oui
240 3703 346 3789 placet
362 3706 500 3787 alterius
518 3727 578 3770 sua
594 3706 747 3769 nimirum
762 3715 810 3767 est
825 3702 898 3766 odio
913 3722 988 3765 sors.
