2742 4250
457 270 568 319 LIBER
592 270 645 319 111.
698 271 727 321 0.
752 273 792 323 11.

330 425 457 489 Delenit
471 445 561 506 usus,
577 446 637 491 nec
653 427 795 491 Falerna

373 524 453 587 vitis
467 525 791 610 Achaemeniumque
805 537 950 612 costum;

289 736 353 799 Gur
367 734 553 801 invidendis
567 739 713 821 postibus
728 750 760 802 et
774 759 860 804 novo

289 835 433 901 Subiime
447 836 511 900 ritu
524 837 639 900 moliar
653 838 797 903 atrium?

328 935 396 999 Cur
408 934 496 998 valle
510 945 691 1020 permutem
704 937 823 1001 Sabinu

369 1034 510 1098 Divitias
525 1035 743 1119 operosioresi

499 1623 680 1685 GARMEN
708 1625 752 1686 IL

280 1830 465 1913 Angustam
479 1831 583 1894 amice
598 1832 785 1916 pauperiem
799 1833 867 1917 pati

281 1929 448 1992 Robustus
463 1930 529 1992 acri
544 1930 661 1993 militia
674 1939 756 2013 pu'er

322 2028 506 2110 Gondiscat
522 2039 554 2092 et
568 2030 705 2093 Parthos
720 2028 840 2094 seroces

365 2130 470 2193 chet
484 2150 583 2213 eques
598 2131 793 2194 metuendus
807 2133 911 2214 hasta,

191 2349 195 2358 '
281 2343 450 2427 vitamque
466 2345 528 2408 sub
542 2344 618 2408 divo
632 2355 665 2408 et
679 2345 810 2428 trepidis
825 2356 902 2431 agat
1107 2352 1128 2414 5

278 2443 318 2507 ln
332 2444 437 2508 rebus.
481 2444 581 2508 lllum
595 2464 638 2508 ex
653 2445 823 2510 moenibus
838 2447 972 2512 hosticis

322 2543 472 2606 Matrona
485 2544 636 2608 bellantis
655 2545 786 2628 tyranni

363 2643 564 2726 Prospiciens
579 2653 611 2707 et
626 2644 739 2708 adulta
753 2645 844 2728 virgo

276 2833 439 2941 Suspiret':
462 2859 566 2922 eheu!
588 2879 629 2922 nc
645 2859 734 2923 rudis
748 2859 917 2942 agminum

276 2950 423 3039 Sponsus
438 2957 575 3022 lacessat
589 2959 709 3042 regius;
721 2979 873 3043 asperum
1086 2962 1125 3026 lo

318 3056 437 3138 'Pactu
454 3057 588 3138 leonem,
604 3077 704 3140 quem
718 3069 852 3122 cruenta

361 3157 422 3220 Per
435 3157 558 3220 medias
573 3159 656 3242 rapit
670 3159 718 3222 ira
733 3159 856 3222 caedes.

276 3369 380 3434 Dulce
395 3381 427 3435 et
441 3376 594 3436 decorum
609 3383 657 3435 est
671 3392 729 3456 pro
744 3374 848 3457 patria
863 3375 963 3440 mori:

275 3470 362 3534 Mors
377 3481 409 3534 et
423 3470 576 3555 fugacem
590 3463 793 3556 persequitur
807 3474 922 3555 virum,

201 3682 252 3735 Gi
272 3684 312 3734 u.
330 3685 422 3736 delinit.
502 3687 529 3737 G.
541 3688 567 3738 ii.
581 3691 604 3738 1.
622 3687 860 3750 Angustumamici.
938 3691 962 3740 5.
980 3689 1025 3740 un

513 3772 550 3820 14.
567 3773 724 3836 prosequitur.
