2742 4250
468 258 578 308 muna
603 259 642 309 n.
692 260 721 309 s.
747 260 812 311 vu
1073 243 1144 312 235

131 415 216 478 Vixit
230 415 421 497 inaequalis
437 415 569 478 clavum
586 426 623 478 ut
638 427 777 479 mutaret
792 417 827 479 in
841 416 956 498 horas;
1044 435 1047 438 ’
1106 417 1145 478 10

128 515 270 579 Aedibus
285 535 328 576 ex
343 515 473 596 magnis
489 515 595 578 subito
611 535 644 577 se
656 516 820 595 ¹conderet,
836 515 923 578 unde

127 613 277 678 Mundior
291 613 394 676 exiret
408 614 465 676 vix
480 614 647 677 libertinus
662 609 813 695 honeste3

125 714 199 778 Jam
213 713 369 776 moechus
384 715 517 793 Romae,
529 715 597 796 jam
613 712 724 776 mallet
738 714 854 778 doetus
868 714 1005 777 Athenis

126 811 247 893 Vivere,
264 813 458 891 Vertumnis,
474 822 630 894 quotquot
646 823 731 892 sunt,
748 823 848 876 natus·
859 812 987 894 iniquis.

123 915 241 976 Scurra
256 912 455 990 Volanerius,
472 923 643 993 postquam
658 912 703 974 illi
715 914 805 995 justa
818 913 975 996 cheragra
1106 913 1142 974 [5

122 1011 278 1075 Contudit
292 1011 451 1091 articulos,
467 1003 523 1093 qtii
539 1031 595 1094 pro
610 1031 644 1073 se
659 1011 781 1074 tolleret
794 1022 891 1093 atque

123 1111 262 1173 Mitteret
278 1111 311 1173 in
327 1111 475 1193 phimum
491 1110 581 1190 talos,
597 1110 743 1173 mercede
758 1111 875 1174 diurna

121 1210 329 1272 Conductum
345 1210 452 1292 pavit:
474 1219 598 1291 quanto
611 1211 808 1273 constantior
824 1211 925 1274 tsdem

124 1311 161 1373 ln
177 1310 271 1390 vitiis,
289 1321 377 1372 tanto
391 1309 496 1372 levius
511 1310 661 1372 miserae
675 1311 759 1392 prior
772 1310 836 1390 illo,

120 1410 190 1479 Qui
202 1410 271 1493 jam
286 1419 443 1488 contento,
456 1410 525 1492 jam
541 1409 617 1471 laxo
632 1408 710 1473 fune
725 1409 901 1473 laborat-
1096 1412 1139 1476 20

121 1510 194 1571 Non
211 1509 298 1571 dices
313 1508 416 1589 hodie,
433 1527 588 1589 quorsum
603 1508 685 1570 haee
697 1503 768 1572 ‘tam
783 1509 896 1591 putida
911 1509 1054 1591 tendant,

122 1606 267 1671 Furcifer
275 1608 385 1671 t-Ad
401 1618 439 1687 te,
452 1607 720 1688 inquam-Quo
734 1619 835 1691 pacto,
851 1609 989 1691 pessime
995 1609 1138 1674 3-Lau-

246 1707 305 1770 das

121 1809 300 1870 Fortunam
314 1818 345 1870 et
360 1827 463 1870 mores
479 1808 633 1890 antiquae
648 1808 759 1891 plebis,
774 1819 807 1872 et
822 1810 917 1889 idem,

119 1908 154 1969 Si
169 1908 244 1989 quis
260 1907 302 1971 ad
317 1906 373 1970 illa
387 1907 469 1970 deus
484 1907 591 1971 subito
606 1917 636 1972 te
650 1917 736 1990 agat,
753 1928 857 1990 usqne
871 1928 1009 1987 recuses,

119 2008 185 2070 Aut
200 2007 358 2089 quianon
373 2007 481 2088 sentis,
497 2007 584 2089 quod
599 2006 732 2087 clamas,
748 2008 865 2071 rectius
878 2027 957 2089 esse,
1093 2009 1136 2072 25

119 2108 185 2171 Aut
199 2107 279 2190 quia
293 2128 358 2171 non
373 2106 488 2171 firmtu
503 2117 627 2171 rectum
641 2105 797 2188 defendis,
811 2102 844 2172 et
858 2108 980 2190 haeres,

120 2209 346 2291 Nequicquam
360 2228 461 2271 coeno
476 2208 612 2290 cupiens
626 2207 763 2271 evellere
778 2208 933 2291 plantam.

119 2308 242 2372 Romae
257 2328 312 2371 rus
325 2318 426 2391 optas,
441 2308 609 2371 absentem
624 2308 764 2371 rusticus
779 2310 892 2372 urbem

118 2408 222 2471 'Pollis
237 2407 280 2471 ad
295 2418 380 2473 astra
394 2408 484 2471 levis.
528 2408 564 2472 Si
580 2427 744 2489 nusquam
758 2428 794 2470 es
808 2408 886 2470 forte
902 2418 1036 2471 vocatus

118 2508 170 2571 Ad
184 2528 330 2589 coenam,
346 2507 463 2571 laudas
477 2527 628 2572 securum
642 2508 723 2587 olus,
740 2527 787 2587 ac,
803 2507 893 2570 velut
909 2526 1048 2589 usquam
1091 2508 1134 2571 30

118 2607 252 2672 Vinctus
267 2628 330 2688 eas,
347 2608 391 2671 ita
406 2618 437 2671 te
452 2606 577 2670 felicem
592 2607 674 2670 dieis
689 2626 852 2688 amesque,

118 2707 216 2777 Quod
232 2726 398 2790 nusquam
413 2708 468 2770 tibi
484 2707 525 2769 sit
539 2706 727 2789 potandum.
771 2707 790 2770 J
793 2707 906 2769 usserit
920 2706 963 2769 ad
978 2727 1013 2768 se

118 2806 290 2871 Maecenas
305 2827 412 2871 serum
428 2808 489 2870 sub
504 2806 629 2869 lumina
644 2807 747 2889 prima
761 2808 871 2869 venire

118 2907 318 2971 Convivam:
342 2906 478 2971 Nemon'
492 2906 600 2968 oleum
615 2905 694 2968 feret
708 2906 823 2968 ocius?
844 2906 956 2986 ecquis

118 3007 241 3070 Audit?
262 3027 338 3071 cum
354 3026 473 3089 magno
487 3006 626 3068 blateras
641 3005 782 3067 clamore
797 3004 955 3087 iugisque.
1091 3006 1134 3069 36

119 3104 263 3169 Mulvius
278 3117 309 3170 et
324 3125 462 3185 scurrae,
479 3105 534 3167 tibi
550 3123 615 3166 non
631 3101 796 3166 referenda
811 3103 939 3187 precati,

121 3203 306 3269 Discedunt.
350 3204 482 3267 Etenim
497 3204 605 3283 fateor,
621 3224 682 3282 me,
698 3197 817 3266 dixerit
829 3203 890 3282 ille,

36 3377 40 3389 .
121 3302 201 3367 Duci
216 3315 327 3367 ventre
343 3304 466 3385 levem3
490 3323 609 3367 nasum
624 3302 734 3367 nidore
750 3303 899 3386 supinor:

121 3401 310 3483 lmhecrllus,
326 3404 429 3483 iners;
454 3403 481 3465 si
496 3403 576 3484 quid
591 3402 650 3482 vis,
666 3402 758 3482 adde,
774 3402 900 3485 popino.

117 3497 171 3584 Tu,
195 3522 273 3565 cum
289 3502 333 3565 sis
348 3500 436 3583 quod
451 3521 519 3583 ego,
535 3511 566 3565 et
581 3499 723 3565 fortassis
739 3501 883 3583 nequior,
898 3506 982 3564 ultm
1091 3502 1131 3564 to

248 3735 285 3784 ta.
304 3732 395 3783 doctor.
465 3732 501 3781 18.
519 3732 583 3783 idem
658 3733 698 3781 at.
717 3730 768 3781 fert.
836 3730 875 3779 35.
895 3728 1006 3793 dirisque.
