2742 4250
440 212 600 264 LIBERI.
650 213 799 266 (tm

324 370 483 434 'l'entavit
497 371 531 436 in
546 370 635 435 dulci
645 373 784 455 juventa

366 470 494 552 Feruor,
509 479 542 534 et
556 471 590 536 in
603 471 724 535 celeres
738 471 863 536 iambos

279 668 370 734 Misit
383 667 552 734 furentem.
596 669 695 735 Nunc
707 689 769 754 ego
782 670 916 736 mitibus

276 764 408 833 Mutare
421 787 541 851 quaero
555 769 666 850 tristia,
681 768 763 834 dum
776 770 860 835 mihi

319 868 399 934 Fies
413 869 586 933 recantatis
600 869 708 933 amica

364 967 549 1052 opprobriis
563 968 776 1052 animumque
790 967 915 1034 reddas

563 1253 683 1272 ῃ

461 1481 641 1544 OARMEN
669 1483 778 1544 XVIL

389 1666 446 1708 ΔΙ)
482 1665 846 1710 ΤΥΝΒΔΕῙΒΕΜ.

296 1819 403 1890 Velox
418 1846 592 1891 amoenum
607 1847 704 1910 saepe
718 1827 916 1894 Lucretilem

301 1925 408 1989 Mutat
422 1925 553 2008 Lycaeo
567 1927 717 2007 Faunus,
731 1935 766 1990 ct
778 1926 908 2009 igneam

344 2023 497 2088 Defendit
511 2035 667 2089 aestatem
681 2024 815 2110 capellis

384 2123 496 2207 Usque
512 2115 602 2207 meis,
617 2126 811 2209 pluviosque
826 2137 948 2190 ventos

302 2323 438 2406 irnpune
454 2333 562 2387 tutum
576 2343 632 2407 per
645 2343 763 2388 nemus
777 2326 907 2388 arbutos
1112 2325 1132 2386 ὅ

301 2424 475 2494 Quaerunt
488 2423 624 2487 latentes
638 2433 670 2489 et
684 2424 800 2507 thyma
813 2424 928 2488 deviae

343 2522 469 2587 Olentis
484 2542 601 2588 uxores
615 2524 732 2604 mariti,

388 2622 455 2686 Nec
470 2621 589 2685 virides
603 2632 754 2687 metuunt
769 2624 918 2687 colubras

303 2819 371 2884 Neo
386 2820 551 2884 Martiales
565 2821 735 2885 Haediliae
748 2822 851 2904 lupos,

304 2917 477 3002 Utcunque
491 2919 589 3001 dulci,
606 2920 766 3004 Tyndari,
782 2919 895 2984 fistula
1093 2919 1131 2982 to

344 3017 454 3082 Valles
468 3028 501 3082 et
514 3018 645 3084 Usticae
659 3018 810 3083 cubantis
1048 3036 1051 3040 ·

388 3116 489 3181 levia
504 3138 696 3201 personuere
711 3138 802 3202 saxa.

305 3314 349 3377 Dt
363 3334 415 3379 me
430 3324 578 3380 tuentur:
600 3316 651 3379 dis
666 3318 769 3400 pietas
784 3335 858 3380 mea

305 3412 350 3477 Et
363 3415 462 3479 Musa
476 3415 563 3480 cordi
578 3426 634 3479 est
678 3416 743 3479 Hic
757 3415 815 3479 tibi
828 3415 921 3498 copia

234 3612 355 3664 (3.1νίῐὸ
380 3622 465 3665 tonum.
568 3615 592 3666 8.
610 3614 727 3742 oqqubros.
831 3615 856 3667 9.
873 3613 1014 3667 msulae

568 3695 604 3741 14.
648 3696 698 3746 inc.
