2742 4250
455 301 566 351 LIBER
591 300 629 351 11.
680 301 711 351 C.
736 301 828 351 xvn.

480 572 662 635 CARMEN
692 572 801 633 XVII.

435 758 489 801 Al)
520 756 835 801 Msucexss'uu.
906 754 910 760 ’

295 921 363 983 Cur
377 940 430 983 me
445 919 584 1003 querelis
599 919 772 983 exanimas
787 918 876 982 tuisi

294 1019 363 1083 Nec
377 1018 428 1082 dts
442 1019 587 1083 amicum
601 1028 649 1081 est
663 1038 725 1082 nec
739 1017 828 1099 mihi,
844 1028 875 1081 te
888 1018 978 1102 prius

337 1118 441 1199 Obire,
456 1119 640 1199 Maecenas,
655 1110 804 1181 mearum
961 1135 964 1141 ·

379 1216 510 1281 Grande
524 1216 625 1281 decus
639 1217 855 1301 columenque
870 1237 986 1281 rerum.

294 1418 367 1481 Aht
391 1428 422 1481 te
436 1436 528 1482 meae
543 1418 571 1481 si
586 1427 711 1500 partem
724 1417 854 1482 animae
869 1420 951 1502 rapit

294 1518 450 1581 Maturior
463 1518 522 1598 vie,
538 1516 618 1599 quid
633 1536 739 1581 moror
752 1517 863 1598 altera,

336 1616 405 1681 Nec
419 1636 515 1681 carus
529 1636 634 1699 aeque
648 1636 709 1679 nec
724 1630 886 1700 superstes

378 1717 531 1800 Integer?
577 1717 637 1781 Ille
652 1716 722 1779 dies
736 1728 909 1801 utramque

287 1904 402 1983 'Ducet
416 1919 555 1982 ruinam.
599 1917 674 1984 Non
689 1936 751 2000 ego
765 1916 926 2000 perfidum
958 1949 960 1952 ·

296 2020 375 2082 Dixi
391 2028 650 2082 sacramentum:
672 2018 802 2097 ibimus,
817 2014 953 2101 ibimuS,

338 2119 512 2202 Utcunque
526 2116 707 2203 praecedes,
724 2105 912 2202 supremum

381 2220 518 2302 Carpere
534 2220 592 2282 iter
606 2218 739 2281 comites
753 2220 866 2302 parati.

293 2420 350 2500 Me
364 2439 425 2484 nec
441 2420 633 2484 Chimaerae
649 2420 781 2502 spiritus
796 2420 917 2502 igneae,

294 2520 372 2600 Nec,
388 2519 416 2583 si
430 2529 584 2602 resurgat,
600 2519 806 2582 centimanus
821 2521 912 2602 Gyas
1017 2551 1020 2555 ·

337 2618 480 2683 Divellet
495 2637 663 2702 unquam:
687 2619 734 2682 sic
748 2620 871 2702 potenti

250 2716 252 2720 ’
378 2719 528 2786 Justitiae
543 2717 763 2802 placitumque
779 2719 896 2782 Parcis.
919 2707 923 2718 '

296 2919 363 2982 Seu
378 2918 476 2982 Libra
491 2939 550 2981 scu
566 2938 618 2981 mc
633 2917 781 3000 Scorpios
797 2916 934 3002 adspicit

296 3015 546 3098 Formidolosus,
562 3037 636 3100 pars
650 3017 820 3081 violentior

282 3175 286 3182 .
339 3116 466 3181 Natalis
480 3118 587 3198 horae,
603 3135 660 3181 seu
676 3131 834 3201 tyrannus

381 3217 555 3301 Hesperiae
571 3217 785 3300 Capricornus
800 3216 917 3298 undae,

299 3414 480 3498 Utrumque
495 3425 641 3478 nostrum
657 3413 946 3503 incredibilimodo

298 3515 467 3578 Consentit
482 3526 614 3578 astrum.
658 3513 710 3578 Te
726 3513 817 3579 Jovis
832 3515 931 3597 impio

167 3715 297 3767 vaii.5
324 3715 401 3766 Ate.
470 3713 494 3764 6.
511 3715 621 3765 alterurn.
689 3713 713 3764 8.
732 3713 786 3764 liis.
854 3717 891 3764 14.
910 3714 1001 3777 Gigss3
1018 3713 1102 3777 Gygfl

406 3797 444 3848 17.
463 3797 583 3871 Scorpius.
721 3795 758 3847 19.
776 3793 877 3845 Petelia
