2742 4250
470 278 578 329 amun
607 278 657 332 nr
708 280 738 329 o.
764 282 814 331 vr.
1097 260 1142 335 81

313 438 415 521 Atqui
430 436 552 501 sciebat
565 456 651 519 quae
666 437 728 500 sibi
742 437 897 502 barbarus

314 538 432 603 Tortor
447 545 594 620 pararet:
616 554 682 599 non
697 537 790 601 aliter
804 547 914 601 tamen
1104 539 1142 601 50

357 636 503 700 Dimovit
517 630 681 699 obstantes
697 636 892 719 propinquos

399 736 445 799 Et
458 734 616 817 populum
630 732 751 797 reditus
766 746 954 818 morantem,

315 924 431 1005 Quam
445 934 473 996 si
487 933 643 996 clientum
658 933 756 1015 longa
769 935 907 1018 negotia,

316 1031 503 1118 Dijudieata
517 1032 572 1095 lita
586 1031 787 1115 relinqueret,

360 1130 517 1195 Tendens
532 1128 733 1195 Venafranos
747 1133 782 1195 in
796 1126 890 1215 agros
1106 1133 1145 1198 55

405 1232 469 1294 Aut
482 1230 780 1295 Lacedaemonium
794 1232 987 1296 'Parentum

502 1854 682 1917 cannN
717 1854 773 1915 VL

468 2070 526 2111 An
563 2069 811 2113 ROMANOS·

277 2264 406 2328 Delicta
420 2266 579 2348 majorum
594 2264 773 2328 immeritus
788 2265 867 2345 lues,

276 2351 434 2446 Romane,
449 2364 552 2428 donee
567 2365 688 2448 templa
700 2364 846 2428 refeceris

318 2463 490 2546 Aedesque
504 2464 650 2528 labentes
664 2463 798 2528 deorum
813 2474 845 2526 et

362 2564 473 2628 Foeda
488 2565 579 2647 nigro
594 2563 768 2626 simulacra
782 2562 881 2626 fumo.

277 2764 338 2830 Dis
353 2774 384 2824 te
398 2781 555 2825 mmorem
570 2761 656 2844 quod
671 2764 763 2845 geris,
779 2761 936 2844 imperas:
1127 2760 1145 2824 i

277 2862 363 2925 Hine
378 2881 473 2925 omne
488 2863 690 2945 principium,
705 2863 771 2924 hue
787 2859 867 2924 refer
880 2861 1014 2924 exitum

319 2962 364 3025 Di
378 2961 483 3024 multa
498 2961 634 3043 neglecti
650 2959 807 3023 dederuut

361 3061 535 3144 Hesperiae
550 3061 638 3123 mala
652 3060 828 3124 luctuosae.
858 3142 861 3147 y

277 3261 353 3327 Jam
367 3259 417 3324 bis
432 3260 602 3324 Monaeses
617 3269 649 3322 et
663 3259 777 3322 Pacori
792 3278 910 3323 manus

277 3360 351 3428 Non
367 3359 550 3443 auspicatos
564 3359 712 3423 contudit
726 3359 865 3442 impetus
1111 3360 1147 3422 nt

320 3460 461 3540 Nostros,
477 3469 509 3522 et
523 3459 679 3544 adjecisse
694 3459 849 3542 praedam

305 3587 309 3594 ·
363 3561 551 3642 Torquibus
565 3561 693 3644 exiguis
707 3559 838 3623 renidet.

328 3759 358 3811 C.
371 3763 403 3812 vi.
417 3761 439 3811 6.
459 3759 514 3810 Huc
526 3777 638 3810 omne-.
777 3763 800 3811 t.
819 3759 951 3810 Mounesis.
