2742 4250
614 278 814 330 orarum

333 431 626 518 Languescit·mihi
639 455 700 500 nec
713 435 848 520 pinguia
862 435 999 501 Gaiieis
1179 441 1230 505 35

459 536 616 598 Crescunt
629 535 749 599 vellera
766 536 903 618 pascuis,

333 733 522 815 Importuna
535 741 645 796 tamen
659 734 828 816 pauperies
842 735 942 814 abest,

331 832 408 912 Nec,
425 830 452 894 si
467 831 559 914 plura
573 831 679 912 velim,
696 842 733 895 tu
747 831 823 895 dare
838 832 986 916 deneges.

331 931 504 993 Contractc
519 929 635 992 melius
649 949 751 1012 parva
765 931 916 1013 cupidine

458 1028 635 1111 Vectigalia
649 1029 817 1112 porrigam,

330 1228 444 1296 Quam
459 1226 486 1288 si
501 1226 686 1308 Mygdoniis
701 1245 838 1308 regnum
852 1226 996 1310 Alyattei

331 1325 466 1408 Campis
480 1326 676 1388 continuem.
720 1325 827 1389 Multa
841 1327 1023 1408 petentibus

332 1425 460 1487 Desunt
474 1423 598 1506 multa3
621 1425 703 1488 bene
718 1433 775 1504 est,
790 1425 845 1488 cui
859 1424 940 1487 deus
953 1424 1069 1488 obtulit

456 1523 567 1604 Parca,
582 1523 671 1605 quod
686 1524 765 1586 satis
781 1534 839 1604 est,
849 1543 968 1608 ¹manu

651 1825 770 1838 .—

556 2065 736 2129 OARMEN
765 2065 872 2128 XVII.

457 2260 512 2308 An
547 2264 726 2307 AELIUM
761 2265 965 2309 tamnu.

369 2441 452 2521 Aeli,
466 2452 593 2505 vetusto
607 2441 724 2505 nobilis
738 2441 781 2505 ab
794 2441 952 2521 Lamo,-

368 2540 514 2611 Quando
527 2550 560 2604 et
572 2540 691 2624 priores
705 2541 782 2603 hinc
795 2540 929 2604 Lamias
944 2540 1050 2605 fenmt

411 2640 644 2705 Denominatos
658 2648 691 2703 et
705 2649 860 2722 nepotum

453 2739 515 2802 Per
528 2758 685 2802 memores
701 2758 804 2821 genus
819 2758 915 2801 omne
930 2737 1029 2802 fastos

368 2935 507 2999 Auctore
521 2937 563 2999 ab
577 2935 632 2998 illo
647 2934 737 2998 ducit
751 2934 914 3018 originem,

368 3034 440 3105 Qui
454 3034 658 3099 Formiarum
672 3033 803 3102 moenia
817 3032 934 3097 dicitur

410 3132 563 3213 Princeps
577 3142 610 3195 et
623 3132 792 3195 innantem
806 3130 948 3195 Maricae

452 3230 614 3294 Litoribus
629 3230 771 3293 tenuisse
785 3230 885 3294 Lirim

321 3467 323 3469 -
368 3428 449 3494 Late
464 3438 622 3511 tyrannus
633 3447 756 3509 3-cras
770 3426 854 3491 foliis
867 3448 985 3510 nemus

369 3526 483 3593 Multis
497 3536 529 3590 et
543 3526 619 3611 alga
633 3526 711 3590 litus
725 3526 832 3591 inutili
1179 3530 1213 3592 ro

411 3624 562 3690 Demissa
576 3636 748 3709 tempestas
762 3627 805 3690 ab
819 3625 908 3689 Euro

451 3725 585 3806 Sternet,
601 3744 705 3807 aquae
719 3724 782 3788 nisi
797 3723 879 3787 fallit
893 3742 1000 3806 augur
