2742 4250
405 273 515 324 truse
539 271 593 322 m.
643 272 673 324 a
701 269 805 322 xxrv.
1035 249 1106 320 108

241 434 316 497 Non
330 431 441 494 mortis
455 428 581 513 laqueis
604 427 757 512 expedies
769 437 876 511 caput.

203 533 404 616 Campestres
419 529 535 592 melius
549 528 702 610 Scythae,

243 632 394 701 Quorum
409 628 553 712 plaustra
567 643 669 709 vagas
683 627 742 688 rite
757 626 890 688 trahunt
903 623 1025 703 domos,
1073 623 1110 686 to

204 729 325 792 Vivunt
339 738 371 790 et
384 725 479 810 rigidi
494 727 604 805 Getae,
847 746 861 758 -

244 828 417 891 immetata
431 825 550 907 quibus
560 825 675 908 jugera
690 823 806 888 liberas

205 927 328 1008 Fruges
341 935 375 987 et
388 924 536 987 Cererem
550 922 665 1002 serunt,

244 1023 313 1088 Nec
326 1022 455 1086 cultura
468 1021 575 1104 placet
590 1021 712 1104 longior
726 1037 845 1100 annua,

206 1120 468 1202 Defunctumque
483 1120 645 1183 laboribus

246 1219 385 1303 Aequali
400 1230 520 1282 recreat
531 1229 615 1282 sorte
629 1218 779 1281 vicarius.

207 1319 275 1382 illic
290 1329 391 1382 matre
405 1318 588 1381 carentibus

246 1417 406 1500 Priviguis
421 1417 537 1479 mulier
551 1427 706 1498 temperat
720 1416 873 1482 innocens

207 1517 273 1581 Nee
289 1517 398 1580 dotata
413 1517 493 1599 regit
507 1516 613 1578 virum

248 1617 385 1700 Conjux,
401 1636 461 1678 nec
475 1614 577 1679 nitido
591 1614 663 1679 fidit
677 1613 832 1678 adultero.
1070 1613 1114 1674 20

210 1715 276 1778 Dos
290 1726 339 1778 est
353 1734 474 1797 magna
488 1715 670 1798 parentium

249 1815 357 1877 Virtus
372 1824 404 1877 et
418 1824 566 1877 metuens
581 1813 713 1878 alterius
726 1813 787 1875 viri

210 1913 301 1975 Certo
317 1911 441 1977 foedere
455 1914 596 1994 castitas,

250 2012 294 2075 Et
308 2032 439 2096 peccare
453 2011 554 2093 nefas,
569 2021 627 2074 aut
641 2012 779 2095 pretium
793 2021 842 2074 est
856 2011 945 2074 mori.

211 2111 239 2175 Ο
254 2112 401 2194 quisquis
415 2111 501 2176 volet
515 2111 632 2196 impias
1074 2111 1114 2174 25

251 2211 376 2274 Caedes
390 2220 421 2274 et
436 2211 557 2274 rabiem
572 2210 680 2275 tollere
695 2211 841 2290 civicam,

212 2312 246 2375 Si
260 2320 391 2393 quaeret
406 2312 501 2374 Pater
516 2311 644 2374 urbium

251 2410 415 2474 Subscribi
430 2410 554 2491 statuis,
570 2410 760 2473 indomitam
774 2409 893 2473 audeat

211 2507 382 2572 Refrenare
396 2508 568 2589 licentiam,

251 2607 368 2671 Clarus
383 2609 587 2691 postgenitis3
611 2607 881 2690 quatenus—heu
895 2593 1007 2671 nefas!
1031 2634 1034 2639 ·
1073 2608 1116 2671 30

211 2705 368 2771 Virtutem
382 2707 577 2771 incolumem
591 2706 728 2787 odimus,

251 2805 423 2869 Subiatam
437 2826 479 2869 ex
494 2806 599 2869 oculis
613 2807 801 2889 quaerimus
815 2804 927 2869 invidi.

212 2903 304 2973 Quid
319 2896 424 2969 tristes
437 2905 664 2986 querimoniae,
721 2963 723 2966 .

196 3072 198 3075 ,
253 3002 289 3066 Si
303 3021 369 3065 non
384 3003 541 3085 supplicio
555 3003 653 3086 culpa
666 3002 842 3066 reciditur?

213 3099 303 3170 Quid
319 3100 406 3183 leges
421 3102 489 3165 sine
505 3102 647 3165 moribus

254 3198 366 3263 Vanae
381 3200 561 3283 proficiunt,
578 3200 605 3263 si
620 3221 726 3283 neque
741 3200 871 3264 fervidis

212 3298 290 3359 Pars
305 3298 431 3362 inclusa
445 3299 605 3363 caloribus

255 3397 372 3460 Mundi
386 3417 446 3461 nec
460 3398 580 3462 Boreae
595 3398 771 3463 finitimum
786 3398 873 3462 latus

214 3494 421 3579 Durataeque
436 3497 502 3561 solo
516 3498 608 3562 nives

254 3595 463 3659 Mercatorern
478 3598 620 3680 abigunt,
635 3596 764 3661 horrida
778 3595 887 3659 callidi
1077 3596 1118 3659 40
1179 3605 1181 3608 ’

295 3762 325 3813 C.
338 3766 403 3815 xxiv.
415 3764 455 3815 24.
474 3768 575 3828 pretinm
587 3768 654 3816 mori.
786 3764 827 3815 30.
845 3763 929 3814 Cama
