2742 4250
476 275 596 325 LIBER.
647 276 676 324 0.
703 276 775 324 XVI.

221 433 339 496 Eheu!
363 432 533 494 translatos
548 433 611 494 alio
626 431 783 495 maerebis
798 451 922 494 amores
930 453 940 516 ;

281 534 341 595 Ast
356 552 416 615 ego
430 532 574 594 vicissim
588 532 694 594 risem.

478 1106 657 1167 GARMEN
684 1105 773 1166 XVL

314 1305 371 1347 ,tn
411 1304 637 1347 POPULlM
677 1304 936 1348 ROMANUH.

154 1483 267 1546 Altera
277 1486 348 1567 jam
362 1485 472 1546 teritur
486 1483 578 1546 bellis
593 1483 743 1545 civilibus
759 1493 856 1562 actae,

197 1583 275 1647 Suis
290 1593 321 1645 et
336 1584 407 1666 ipsa
422 1583 527 1646 Roma
542 1583 664 1644 viribus
679 1581 762 1645 ruit:

153 1685 272 1754 Quam
286 1703 392 1766 neque
407 1682 536 1745 finitimi
552 1682 725 1745 valuerunt
739 1680 868 1764 perdere
882 1683 991 1763 Marsi,

198 1783 338 1846 Minacis
354 1794 411 1844 aut
426 1783 567 1845 Etrusca
582 1783 742 1845 Porsenae
757 1801 884 1860 manus

155 1882 299 1944 Aemula
313 1901 373 1944 nec
389 1883 491 1944 virtus
506 1882 648 1962 Capuae,
664 1901 725 1943 nec
741 1882 916 1964 Spartacus
932 1901 1012 1960 acer,

199 1981 365 2061 Novisque
380 1982 476 2043 rebus
491 1979 632 2042 infidelis
647 1980 813 2059 Allobrox,

157 2079 230 2144 Nec
245 2080 313 2143 fera
326 2080 476 2143 caerulea
491 2078 615 2143 domuit
630 2079 805 2143 Germania
820 2079 913 2162 pube,

199 2180 456 2262 Parentibusque
471 2180 677 2242 abominatus
693 2178 869 2259 Hannibal,

156 2279 262 2361 Impia
277 2278 447 2360 perdemus
462 2277 567 2341 devoti
584 2278 751 2359 sanguinis
766 2288 863 2357 aetas,

200 2378 355 2459 Ferisque
370 2398 482 2440 rursus
496 2378 707 2459 occupabitur
721 2376 836 2439 solum.
1095 2379 1132 2441 10

157 2478 328 2557 Barbarus,
344 2476 428 2539 heu!
451 2477 574 2539 cineres
588 2476 714 2539 insistet
729 2476 837 2555 victor,
853 2487 885 2537 et
900 2477 1013 2539 urbem

200 2576 315 2658 Eques
330 2585 464 2638 sonante
478 2576 659 2638 verberabit
674 2575 808 2658 ungula,

158 2678 321 2756 Quaeque
335 2685 446 2737 carent
459 2675 564 2737 ventis
579 2686 610 2736 et
626 2675 747 2737 solibus
762 2695 835 2737 ossa
850 2674 989 2754 Quirini,

201 2772 303 2838 Nefas
317 2773 444 2836 videre!
468 2772 636 2855 dissipabit
651 2774 802 2837 insolens.

161 2875 264 2952 Forte,
280 2873 359 2953 quid
374 2872 533 2954 expediat,
550 2874 763 2935 communiter
777 2884 835 2935 aut
850 2872 961 2934 melior
976 2893 1051 2956 pars
1096 2870 1133 2936 15

201 2972 300 3036 Malis
314 2992 420 3034 carere
435 2972 586 3053 quaeritis
601 2971 781 3035 laboribus:

161 3071 260 3137 Nulla
275 3071 317 3133 sit
331 3072 393 3133 hac
408 3072 509 3152 potior
524 3071 702 3133 sententia:
725 3072 946 3133 Phocaeorum

204 3171 300 3235 Velut
313 3169 453 3253 profugit
467 3181 633 3232 exsecrata
647 3171 762 3232 civitas

163 3272 265 3353 Agros
279 3279 376 3350 atque
391 3269 491 3331 Lares
506 3270 632 3352 petrice,
648 3269 890 3351 habitandaque
906 3269 982 3332 fana

148 3361 151 3365 ¹
207 3369 300 3451 Apris
315 3368 443 3450 reliquit
456 3379 487 3430 et
502 3369 673 3451 rapacibus
688 3368 773 3450 lupis
1094 3372 1136 3433 20

165 3468 220 3547 lre,
236 3468 334 3551 pedes
349 3487 544 3549 quocunque
560 3467 669 3547 ferent,
684 3487 881 3549 quocunque
896 3489 951 3550 per
966 3469 1072 3533 undas
1096 3470 1100 3476 “

202 3566 309 3633 Notus
323 3567 452 3630 vocabit
466 3577 523 3629 aut
538 3578 705 3649 protervus
720 3565 857 3629 Africus.

292 3767 333 3817 23.
347 3767 403 3815 ileu
416 3767 468 3822 beu.
535 3768 564 3816 C.
576 3768 625 3816 xvi.
640 3770 677 3816 14.
697 3768 779 3815 uderl.
845 3763 974 3814 abierunt.
