2742 4250
443 273 553 325 LIBER
578 277 602 326 Ι.
652 276 685 326 Ε.
711 275 761 325 lv.

142 434 293 498 Privatae
309 453 344 496 ur
358 444 493 515 quaerat
507 452 591 515 opes,
608 443 641 495 et
657 443 787 514 tangere
802 431 882 495 vilet

141 535 279 618 Scripta,
296 533 465 596 Palatinus
480 552 696 614 quaecunque
710 533 828 614 recepit
842 531 975 615 Apollo;
1064 583 1068 587 .

142 634 200 714 Ne,
217 635 247 698 si
262 633 342 696 forte
356 651 435 695 suas
450 634 620 715 repetitum
635 631 758 694 venerit
771 632 849 694 olim

144 735 232 796 Grex
247 733 361 796 avium
377 731 514 815 plumas,
531 742 660 793 moveat
674 731 840 794 cornicula
853 731 955 794 risum

143 833 290 896 Furtivis
305 831 429 894 nudata
443 831 613 894 coloribus.
656 832 730 914 lpse
744 831 822 912 quid
838 831 964 894 audes?
1080 834 1121 897 20

143 935 242 1003 Quae
258 931 497 995 circumvolitas
511 931 607 1013 agilis
622 931 764 1013 thymal
801 931 877 995 Non
891 932 949 994 tibi
963 951 1103 1014 parrum

142 1032 327 1115 Ingenium,
343 1049 408 1094 non
424 1031 585 1095 incultum
599 1040 649 1094 est
661 1040 695 1094 et
708 1031 842 1113 turpiter
854 1031 996 1097 hirtum:

143 1131 212 1195 Seu
226 1132 374 1213 linguam
389 1131 499 1194 causis
513 1131 614 1211 acuis,
630 1149 689 1194 seu
703 1130 809 1193 civica
818 1131 893 1214 jura

143 1230 350 1315 Respondete
364 1251 468 1315 paras,
484 1251 543 1294 seu
556 1230 671 1294 condis
686 1229 827 1294 amabile
841 1249 982 1311 carmen,

144 1331 253 1394 Prima
267 1330 348 1394 seres
364 1330 501 1394 hederae
515 1330 656 1396 victricis
670 1331 827 1413 praemia.
871 1331 1001 1401 Quodsi
1080 1331 1124 1394 25

148 1429 278 1513 Frigida
293 1449 446 1494 curarum
461 1430 605 1494 fomenta
620 1430 799 1513 relinquere
814 1451 933 1514 posses,

145 1529 223 1598 Quo
238 1539 269 1592 te
283 1529 430 1593 coelestis
444 1531 604 1620 sapientia
618 1530 759 1611 duceret,
775 1531 846 1594 ires.

146 1628 216 1692 Hoc
231 1649 321 1712 opus,
338 1630 399 1693 hoc
415 1629 561 1694 studium
575 1631 667 1712 parvi
682 1646 888 1713 properemus
904 1641 935 1692 et
950 1630 1059 1713 ampli,

146 1728 181 1791 Si
195 1729 315 1812 patriae
329 1729 492 1810 volumus,
508 1730 536 1791 si
550 1729 644 1793 uobis
659 1730 767 1793 vivere
781 1730 858 1792 cari.

148 1826 253 1890 Debes
268 1829 330 1891 hoc
345 1828 444 1890 etiarn
458 1829 636 1908 rescribere,
653 1829 680 1892 si
696 1829 753 1892 tibi
767 1848 873 1908 curae,
1081 1829 1123 1893 3⁰

147 1928 301 1996 Quantae
315 1915 496 2008 conveniat,
513 1929 693 2008 Munatius,
708 1947 753 1991 an
767 1928 854 1990 male
869 1937 956 1991 sarta

148 2027 257 2090 Gratia
272 2027 495 2110 nequidquam
511 2029 621 2091 coitet
635 2025 851 2091 rescinditur?
893 2028 946 2107 At,
962 2047 1020 2091 vos

149 2128 213 2191 Seu
227 2127 354 2191 calidus
369 2128 503 2211 sanguis
519 2148 577 2191 seu
594 2148 702 2193 rerum
716 2128 846 2191 inscitia
860 2138 960 2192 vexat

113 2286 117 2293 .
149 2225 308 2291 Indomita
323 2228 447 2291 cervice
462 2227 553 2309 feros,
569 2229 756 2311 ubicunque
771 2229 915 2293 locorum

149 2326 271 2408 vivitis,
287 2327 412 2410 indigni
426 2327 604 2392 fraternum
618 2349 764 2412 rumpere
780 2328 912 2393 foedus:
1081 2328 1123 2393 35

151 2425 295 2491 Pascitur
310 2427 344 2491 in
359 2439 504 2493 vestrum
518 2428 660 2493 reditum
674 2429 785 2491 votiva
794 2430 947 2513 juvenca.

463 2942 677 3005 EPISTOLA
707 2941 762 3003 IV.

340 3124 393 3168 ΔΙ)
424 3126 605 3169 ALBIUM
636 3126 900 3170 TIBULLUM.

190 3287 274 3367 aler,
291 3298 471 3352 nostrorum
486 3307 672 3352 sermonum
686 3288 823 3353 candide
834 3289 945 3374 judex,

147 3386 240 3457 Quid
254 3406 344 3451 nunc
360 3398 390 3451 te
405 3387 513 3453 dicam
528 3388 632 3453 facere
646 3391 680 3453 in
696 3391 824 3473 regione
839 3388 998 3454 Pedana't

148 3484 300 3568 Scribere,
315 3487 403 3570 quod
419 3490 513 3552 Gassl
528 3491 711 3554 Parmensis
726 3490 883 3573 opuscula
897 3488 1017 3572 vincat,

152 3584 200 3650 ln
216 3587 351 3651 tacitum
366 3586 467 3652 silvas
481 3590 564 3652 inter
577 3600 700 3672 reptare
716 3590 871 3671 salubres,

456 3742 487 3823 *E
499 3776 533 3824 iii.
546 3774 586 3824 ³0.
603 3778 635 3824 sit
646 3777 689 3825 tibi
701 3790 780 3825 curae.
