2742 4250
464 591 646 652 ananan
673 589 762 653 inv.
846 664 850 675 ,

419 805 476 846 ΑΒ
514 805 801 850 Poscuntur«.

263 998 358 1062 Eheu
373 997 514 1080 fugaces,
530 998 691 1078 Postume,
707 999 869 1078 Postumo,

262 1096 431 1161 Labuntur
445 1096 532 1176 anni,
548 1116 608 1160 nec
623 1098 726 1179 pietas
741 1115 864 1160 moram

303 1195 407 1278 Rugis
423 1205 455 1258 et
469 1195 603 1260 instanti
617 1205 767 1260 senectae

344 1296 463 1359 Afferet
478 1293 717 1378 indomitaeque
732 1295 849 1377 morti,-

262 1493 343 1576 Non,
359 1495 386 1559 si
402 1494 545 1574 trecenis,
561 1503 718 1576 quotquot
733 1505 812 1558 eunt
826 1493 903 1574 dies,

262 1595 382 1676 Amice,
397 1594 506 1678 places
521 1594 775 1658 illacrimabilem

303 1694 441 1759 Plutona
456 1695 564 1774 tauris,
579 1694 636 1776 qui
651 1704 699 1757 ter
712 1693 858 1777 amplum

343 1795 515 1877 Geryonen
530 1794 721 1878 Tityonque
735 1793 816 1857 tristi

263 1995 444 2076 compescit
459 1992 556 2074 unda,
573 1993 694 2056 scilicet
707 1992 866 2075 omnibus,

261 2092 461 2175 Quicunque
476 2103 575 2157 tarrae
590 2111 723 2156 munere
738 2091 897 2156 veseimtu

304 2192 529 2274 Erravigauda,
545 2191 613 2255 sive
628 2212 719 2274 reges

344 2291 420 2355 Sive
436 2291 545 2372 inopes
560 2291 679 2353 erimus
695 2291 807 2354 coloni.

261 2488 395 2551 Frustra
410 2500 542 2551 cruento
558 2488 661 2551 Marte
676 2490 856 2553 carebimus

263 2587 450 2669 Fractisqne
465 2588 554 2651 rauci
570 2587 722 2651 fluctibus
736 2588 886 2668 Hadriae,

303 2686 435 2749 Frustra
450 2706 505 2767 per
519 2697 695 2749 autumnos
709 2697 879 2751 nocentem

344 2786 535 2866 Corporibus
549 2797 732 2849 metuemus
747 2786 921 2849 Austrum:

260 2984 420 3048 Visendus
435 2994 501 3047 ater
516 2984 650 3047 flumine
665 2980 819 3066 languido

260 3084 399 3166 Cocytos
412 3103 521 3147 errans
536 3093 567 3145 et
583 3083 689 3146 Danai
705 3102 807 3165 genus

302 3182 427 3247 infame
442 3180 682 3263 damnatusque
698 3182 785 3266 longi

343 3282 505 3365 Sisyphus
520 3280 669 3346 Aeolides
684 3281 809 3345 laboris.

262 3480 455 3563 Linquenda
470 3480 565 3543 tellus
580 3491 612 3543 et
626 3480 743 3543 domus
758 3492 789 3545 et
804 3483 935 3564 placens

263 3580 358 3661 Uxor,
375 3600 479 3661 neque
494 3581 620 3665 harum,
634 3599 717 3661 quas
731 3580 817 3660 colis,
830 3582 978 3643 arborum

183 3762 205 3815 J.
220 3762 268 3812 xiv.
281 3768 301 3813 l.
320 3763 382 3813 Heu.
394 3764 449 3812 heu.
517 3766 538 3813 5.
558 3766 671 3817 tricenis:
688 3767 806 3813 trecentis.
876 3767 913 3816 18.
932 3766 1041 3827 cocytia.

365 3840 382 3890 ὅ
