2742 4250
492 246 603 294 LIBER
628 245 667 296 IL
714 246 745 296 S.
770 245 824 295 111.
1093 237 1166 308 215

133 404 217 468 Non
232 403 339 484 magis
353 401 502 483 audient,
516 422 617 485 quam
633 403 750 466 Fufius
762 403 872 470 ebrius
887 404 973 485 olim,

132 503 230 565 Cum
244 501 383 565 Ilionam
397 501 541 583 edormit,
557 504 702 566 Catienis
717 503 806 566 mille
821 502 987 569 ducentis:

133 603 255 682 Mater,
272 611 303 664 te
318 601 452 683 appello,
467 603 695 664 clamantibus.
739 601 826 664 Huic
841 623 900 684 ego
915 604 1035 687 vulgus

134 705 251 767 Errori
267 705 405 767 similem
416 711 581 790 'cunctum
588 701 732 763 insanire
746 700 876 772 docebo.
898 748 900 754 .

134 800 269 866 Insanit
281 815 405 866 veteres
420 813 545 864 statuas
560 800 782 882 Damasippus
796 801 951 865 emendo:

135 905 270 986 Integer
283 913 332 965 est
346 903 464 965 mentis
479 887 672 982 Damasippi
686 900 829 962 creditor.
874 902 963 964 Esto.
1120 905 1162 969 bb

135 1005 270 1086 Accipe,
285 1001 373 1086 quod
388 1009 560 1084 nunquam
574 994 690 1063 reddas
706 999 795 1081 mibi,
812 1002 839 1063 si
855 1003 911 1066 tibi
926 1003 1033 1066 dicam

134 1103 241 1164 Tune
257 1103 393 1165 insanus
408 1102 479 1181 eris,
495 1101 523 1162 si
538 1099 723 1180 acceperis?
745 1120 789 1164 an
803 1101 908 1183 magis
923 1121 1043 1183 excors,

135 1202 272 1284 Rejecta
287 1202 414 1284 praeda,
429 1219 530 1283 quam
545 1216 696 1281 praesens
711 1199 891 1264 Mercurius
909 1200 992 1265 fert?

131 1301 250 1364 Scribe
266 1301 378 1362 decem
393 1322 413 1363 a
429 1301 634 1364 Nerio—non
648 1309 697 1362 est
712 1299 798 1380 sotis,
815 1299 898 1363 adde
914 1302 1047 1365 Cicutae

133 1400 262 1463 Nodosi
277 1401 405 1463 tabulas
419 1410 560 1479 centum,
579 1399 669 1462 mille
684 1399 768 1461 adde
782 1409 933 1463 catenas:
1118 1405 1160 1468 to

132 1500 285 1582 Effugiet
299 1509 409 1561 tamen
421 1500 506 1586 'haec
522 1499 697 1561 sceleratus
711 1499 844 1562 vincula
860 1499 1002 1564 Proteus.

133 1599 227 1661 Cum
242 1599 346 1680 rapies
362 1600 394 1660 ib
405 1601 459 1683 jus
475 1598 570 1660 malis
585 1598 743 1660 ridentem
758 1599 881 1679 alienis,

135 1700 216 1761 Fiet
236 1718 320 1780 aper,
336 1697 433 1760 modo
448 1699 528 1778 avis,
544 1697 640 1760 modo
655 1715 783 1777 saxum,
800 1709 840 1777 et,
856 1717 932 1761 cum
947 1700 1040 1779 volnt⁷
1057 1703 1156 1766 arbor.
1234 1753 1237 1758 .

132 1799 172 1860 Si
188 1798 275 1860 male
289 1818 356 1861 rem
372 1819 478 1879 gerere
494 1799 600 1861 insani
615 1808 671 1877 est,
688 1798 902 1878 contrahens,
918 1801 1008 1880 sani3

136 1898 288 1961 Putidius
303 1910 407 1960 mutto
421 1899 586 1961 cerebrum
602 1908 658 1978 est,
675 1897 874 1977 mihicrede,
891 1897 998 1961 Perillt
1114 1904 1156 1966 75

135 1995 309 2074 Distentis,
324 1997 412 2076 quod
427 2007 464 2060 tu
478 2015 651 2078 nunquam
664 1996 834 2058 rescribere
849 1997 961 2078 possis.

133 2095 259 2159 Audire
274 2107 372 2180 atque
387 2106 497 2179 togam
507 2096 605 2181 jubeo
619 2113 818 2178 componere,
834 2095 982 2179 quisquis

134 2199 322 2261 Ambitione
338 2198 426 2260 mala
440 2208 498 2259 aut
513 2197 636 2290 argenti
651 2197 750 2279 pallet
764 2213 879 2277 amore,

133 2298 296 2378 Quisquis
313 2298 443 2360 luxuria
458 2297 580 2359 tristive
595 2296 819 2379 superstitione

132 2398 201 2458 Aut
215 2396 280 2458 alio
295 2398 412 2459 mentis
428 2397 537 2458 morbo
552 2396 653 2476 calet3
676 2396 742 2457 huc
757 2396 886 2477 propius
901 2416 962 2477 me,
1111 2402 1154 2465 80

133 2496 225 2558 Dum
239 2495 339 2558 doceo
353 2496 493 2558 insanire
508 2514 629 2575 omneS,
645 2514 704 2557 vos
719 2496 828 2558 ordine
844 2497 937 2559 adite.

133 2593 254 2657 Danda
268 2606 316 2657 est
331 2582 482 2658 hellebori
498 2595 601 2657 multo
616 2616 690 2677 pars
705 2596 850 2658 maxima
865 2597 990 2679 avaris3

133 2694 250 2757 Nescio
264 2715 307 2757 an
323 2696 514 2779 Anticyram
529 2696 609 2757 ratio
624 2695 687 2757 illis
703 2695 840 2761 destinet
854 2692 992 2760 onmem.

132 2793 273 2856 Heredes
288 2794 414 2858 Stabert
430 2781 594 2858 summam
609 2795 749 2858 incidere
765 2795 927 2877 sepulcro:

133 2892 174 2956 Ni
189 2892 410 2973 defecissent,
426 2895 643 2978 gladiatorum
655 2896 735 2958 dare
750 2906 882 2958 centum
1107 2900 1149 2962 85

133 2992 288 3055 Damnati
302 2995 422 3077 populo
437 2996 527 3077 paria
541 3006 639 3077 atque
653 2996 787 3078 epulum
803 2994 930 3058 arbitrio
945 2998 1034 3078 Arrt;

133 3092 301 3155 Frumenti
316 3105 476 3175 quantum
493 3096 585 3158 metit
599 3096 839 3160 Africa—Sive
854 3112 916 3179 ego·
928 3116 1026 3180 prave

130 3193 195 3255 Seu
210 3203 303 3273 recte,
319 3194 382 3256 hoc
398 3195 505 3259 volui:
527 3216 568 3257 ne
584 3197 628 3257 sis
643 3206 778 3278 patruus
793 3198 882 3259 milri.
927 3197 1032 3261 Credo

133 3292 199 3353 Hoc
214 3292 341 3356 Stabert
356 3292 548 3382 prudentem
562 3296 710 3358 animum
727 3296 994 3368 vidisse-Quid
1009 3320 1084 3382 ergo

130 3391 245 3470 Sensit,
260 3412 338 3455 cum
354 3413 520 3457 summam
534 3396 706 3485 patrimoni
721 3397 900 3479 insculpere
917 3420 998 3462 saxo
1105 3402 1146 3464 tto

131 3489 271 3553 Heredes
285 3493 390 3555 voluit
398 3493 577 3564 t-uuoad
594 3496 685 3576 vixit,
702 3496 836 3560 credidit
851 3499 964 3581 ingens

131 3590 320 3672 Pauperiem
335 3593 451 3656 vitium
466 3604 498 3657 et
512 3595 599 3658 cavit
613 3596 694 3659 nihil
710 3596 823 3677 amiur,
841 3607 885 3678 ut,
902 3599 930 3661 si
