2742 4250
260 242 327 313 184
657 254 871 306 sarmarum

256 415 426 498 [ngenium
439 415 495 478 cui
509 415 559 495 sit,
574 415 627 477 cui
641 433 735 476 mens
749 412 895 491 divinior,
911 421 1008 493 atque
1022 430 1058 473 os

255 516 375 599 Magna
389 524 586 592 rimaturum,
602 512 658 575 des
673 511 813 574 nominis
828 512 925 595 hujus
940 511 1102 574 honorem

254 616 374 680 [dcirco
388 613 533 696 quidam,
549 610 715 675 comoedia
730 630 831 674 necue
848 630 965 692 poema
995 684 1001 693 ¹
1229 608 1286 671 db

254 715 350 779 Esset
363 713 569 796 quaesivere;
593 709 680 792 quod
697 729 770 771 acer
784 710 915 791 spiritus
929 728 969 771 ac
987 708 1036 771 vis

253 815 322 879 Nec
336 814 441 875 verbis
457 831 516 873 nec
530 811 627 873 rebus
641 810 732 888 inest,
748 810 811 872 uisi
826 808 912 890 quod
929 807 1010 890 pede
1024 816 1108 870 certo

253 914 367 977 Differt
382 911 520 975 sermoni
534 929 638 973 sermo
652 910 856 972 merus-At
870 919 959 990 pater
972 906 1087 969 ardens

253 1015 372 1093 Saevit,
388 1010 475 1094 quod
489 1009 652 1073 meretrice
667 1028 767 1090 nepos
782 1008 917 1071 insanus
932 1007 1038 1069 amica

256 1114 359 1177 Filius
373 1130 508 1175 uxorem
522 1108 638 1192 grandi
652 1128 730 1172 cum
743 1107 818 1170 dote
832 1118 965 1186 recuset,
1231 1106 1284 1167 50

253 1212 374 1275 Ebrius
389 1221 429 1290 et,
445 1228 604 1291 magnum
617 1207 705 1290 quod
719 1207 870 1284 dedecus,
886 1206 1031 1269 ambulet
1044 1215 1119 1267 ante

254 1312 389 1376 Noctem
403 1330 480 1373 cum
494 1306 843 1388 facibus-Numquid
857 1304 1054 1388 Pomponius
1069 1305 1137 1367 istis

256 1410 387 1473 Audiret
402 1407 529 1487 leviora,
545 1417 635 1489 pater
647 1408 675 1470 si
690 1405 840 1469 viveret?
883 1405 972 1486 Ergo

254 1511 328 1573 Non
343 1508 421 1570 satis
436 1517 484 1568 est
498 1506 587 1588 puris
601 1525 732 1567 versum
747 1504 937 1586 perscribere
952 1502 1066 1581 verbiS,

254 1610 366 1678 Quem
380 1607 408 1669 si
422 1604 590 1684 dissolvas,
606 1605 713 1685 quivis
729 1603 946 1666 stomachetur
959 1601 1072 1664 eodem
1228 1606 1281 1666 55

255 1709 333 1777 Quo
347 1717 536 1790 personatus
550 1715 644 1787 pacto
658 1714 756 1786 pater.
800 1704 870 1782 His,
886 1722 946 1784 ego
959 1721 1044 1787 quae
1059 1720 1156 1780 nunc,

255 1807 343 1871 Olim
357 1826 441 1887 quae
458 1805 582 1888 scripsit
596 1803 751 1882 Lucilius,
767 1802 882 1885 eripias
897 1803 925 1864 si

255 1906 417 1986 Tempora
426 1914 513 1966 certa
521 1901 707 1983 modosque,
714 1910 745 1963 et
754 1900 841 1982 quod
851 1900 938 1983 prius
947 1898 1057 1962 ordine
1068 1899 1203 1961 verbum
1213 1910 1278 1981 est,

256 2004 415 2066 Posterius
431 2002 540 2080 facias,
556 2020 754 2083 praeponens
769 2000 884 2063 ultima
898 1998 1017 2082 primis,

255 2103 337 2182 Non,
353 2111 390 2166 ut
404 2102 432 2164 si
446 2101 572 2165 solvas:
596 2101 803 2182 “Postquam
817 2097 986 2178 Discordia
1000 2106 1081 2162 tetra
1204 2104 1205 2107 ’
1228 2096 1278 2162 60

257 2201 336 2265 Belli
350 2200 481 2265 serratos
495 2208 601 2282 postes
615 2209 787 2282 portasque
802 2197 955 2281 refregit,'²
1049 2234 1052 2242 ·

257 2300 405 2364 Invenias
420 2300 519 2362 etiam
533 2299 654 2382 disjecti
668 2300 813 2361 membra
828 2308 948 2382 poetae.

255 2400 421 2462 Hactenus
437 2400 535 2461 haec:
557 2398 647 2477 alias,
659 2399 785 2481 justum
801 2399 842 2460 sit
857 2417 958 2460 necne
974 2417 1086 2480 poema
1099 2419 1107 2478 3

254 2498 284 2562 N
288 2518 351 2560 unc
366 2497 447 2560 illud
462 2507 590 2560 tantum
606 2485 770 2578 quaeram,
785 2499 939 2560 meritone
955 2498 1012 2560 tibi
1027 2498 1068 2560 sit

254 2599 448 2679 Suspectum
464 2616 568 2678 genus
583 2597 645 2660 hoc
660 2596 831 2659 scribendi.
874 2596 1004 2659 Sulcius
1019 2616 1093 2659 acer
1228 2599 1272 2661 65

253 2696 408 2761 Ambulat
421 2706 455 2760 et
468 2697 614 2779 Caprius,
629 2695 718 2758 rauci
733 2695 818 2757 male
832 2715 974 2777 cumque
989 2695 1121 2758 libellis:

253 2796 395 2878 Magnus
410 2807 544 2878 uterque
560 2797 653 2858 timor
667 2794 861 2858 latronibus:
884 2807 918 2858 at
932 2796 1012 2858 bene
1028 2795 1142 2876 siquis

254 2895 298 2957 Et
311 2895 402 2957 vivat
416 2896 504 2977 puris
519 2895 678 2973 manibus,
694 2903 880 2956 contemnat
893 2903 1076 2975 utrumque.

255 2994 298 3056 Ut
312 2993 356 3055 sis
371 3005 408 3057 tu
422 2992 536 3056 similis
552 2993 642 3055 Coelt
656 2992 837 3073 Byrrhique
853 2993 1021 3072 latronum,

254 3093 326 3156 Non
341 3112 401 3174 ego
415 3111 491 3154 sum
505 3092 602 3172 Capit
616 3110 722 3171 neque
738 3091 846 3154 Sulci:
868 3110 927 3153 cur
941 3101 1067 3154 metuas
1083 3092 1159 3154 mel
1229 3095 1271 3158 tu

255 3190 354 3254 Nulla
368 3191 500 3253 taberna
516 3209 604 3251 meos
619 3190 737 3252 habeat
749 3209 857 3271 neque
872 3190 938 3272 pila
953 3191 1085 3268 libellos,

255 3291 339 3360 Quis
353 3309 471 3352 manus
487 3287 617 3352 insudet
630 3288 730 3370 vulgi,
746 3289 1022 3370 Hermogenisque
1037 3289 1166 3370 'Pigellt

256 3387 320 3453 Nec
335 3390 431 3450 recito
445 3388 608 3470 cuiquam,
623 3388 688 3451 nisi
703 3389 824 3468 amicis,
840 3389 938 3470 idque
952 3399 1102 3469 coactus;

254 3487 325 3552 Non
341 3488 455 3569 ubivis,
470 3508 620 3551 coramve
633 3488 921 3571 quibuslibet-ln
935 3487 1041 3551 medio
1056 3507 1113 3570 qur

479 3719 519 3768 49.
537 3717 633 3768 iurauit.
701 3717 740 3768 70.
757 3717 810 3767 sim.
876 3717 915 3768 7³.
933 3718 1040 3766 recitem.
1086 3724 1089 3729 '
