<?xml version="1.0" encoding="UTF-8"?>
<!DOCTYPE html PUBLIC "-//W3C//DTD XHTML 1.0 Transitional//EN"
    "http://www.w3.org/TR/xhtml1/DTD/xhtml1-transitional.dtd">
<html xmlns="http://www.w3.org/1999/xhtml" xml:lang="en" lang="en">
 <head>
  <title>
</title>
<meta http-equiv="Content-Type" content="text/html;charset=utf-8" />
  <meta name='ocr-system' content='tesseract 3.04.00' />
  <meta name='ocr-capabilities' content='ocr_page ocr_carea ocr_par ocr_line ocrx_word'/>
</head>
<body>
  <div class='ocr_page' id='page_1' title='image "./workshoracewith01lincgoog_0296.png"; bbox 0 0 2742 4250; ppageno 0'>
   <div class='ocr_carea' id='block_1_1' title="bbox 219 194 856 264">
    <p class='ocr_par' dir='ltr' id='par_1_1' title="bbox 219 194 856 264">
     <span class='ocr_line' id='line_1_1' title="bbox 219 194 856 264; baseline -0.009 -4"><span class='ocrx_word' id='word_1_1' title='bbox 219 194 292 264; x_wconf 75' lang='lat'>250</span> <span class='ocrx_word' id='word_1_2' title='bbox 602 206 856 258; x_wconf 71' lang='lat' dir='ltr'>mnromann</span> 
     </span>
    </p>
   </div>
   <div class='ocr_carea' id='block_1_2' title="bbox 221 361 1356 1542">
    <p class='ocr_par' dir='ltr' id='par_1_2' title="bbox 261 361 1356 1243">
     <span class='ocr_line' id='line_1_2' title="bbox 262 361 1274 447; baseline -0.002 -17"><span class='ocrx_word' id='word_1_3' title='bbox 262 369 439 430; x_wconf 72' lang='lat' dir='ltr'>durantem</span> <span class='ocrx_word' id='word_1_4' title='bbox 453 363 612 447; x_wconf 90' lang='lat' dir='ltr'>quidquid</span> <span class='ocrx_word' id='word_1_5' title='bbox 627 364 765 446; x_wconf 90' lang='lat' dir='ltr'>dignum</span> <span class='ocrx_word' id='word_1_6' title='bbox 781 364 924 446; x_wconf 72' lang='lat' dir='ltr'>sapiente</span> <span class='ocrx_word' id='word_1_7' title='bbox 938 363 1087 445; x_wconf 88' lang='lat' dir='ltr'>bonoque</span> <span class='ocrx_word' id='word_1_8' title='bbox 1101 371 1149 424; x_wconf 88' lang='lat' dir='ltr'>est</span> <span class='ocrx_word' id='word_1_9' title='bbox 1163 361 1187 426; x_wconf 56' lang='lat' dir='ltr'>l*</span> <span class='ocrx_word' id='word_1_10' title='bbox 1238 366 1274 428; x_wconf 82' lang='lat'><strong>5</strong></span> 
     </span>
     <span class='ocr_line' id='line_1_3' title="bbox 262 463 1134 549; baseline -0.006 -18"><span class='ocrx_word' id='word_1_11' title='bbox 262 468 335 531; x_wconf 92' lang='lat' dir='ltr'>Non</span> <span class='ocrx_word' id='word_1_12' title='bbox 351 477 387 530; x_wconf 91' lang='lat' dir='ltr'>tu</span> <span class='ocrx_word' id='word_1_13' title='bbox 400 485 516 549; x_wconf 90' lang='lat' dir='ltr'>corpus</span> <span class='ocrx_word' id='word_1_14' title='bbox 530 485 601 529; x_wconf 87' lang='lat' dir='ltr'>eras</span> <span class='ocrx_word' id='word_1_15' title='bbox 616 465 686 528; x_wconf 90' lang='lat' dir='ltr'>sine</span> <span class='ocrx_word' id='word_1_16' title='bbox 700 476 844 548; x_wconf 84' lang='lat' dir='ltr'>pectore:</span> <span class='ocrx_word' id='word_1_17' title='bbox 866 464 901 526; x_wconf 88' lang='lat' dir='ltr'>dt</span> <span class='ocrx_word' id='word_1_18' title='bbox 916 464 973 527; x_wconf 90' lang='lat' dir='ltr'>tibi</span> <span class='ocrx_word' id='word_1_19' title='bbox 987 463 1134 542; x_wconf 82' lang='lat' dir='ltr'>formem,</span> 
     </span>
     <span class='ocr_line' id='line_1_4' title="bbox 261 562 1036 645; baseline -0.003 -15"><span class='ocrx_word' id='word_1_20' title='bbox 261 567 307 630; x_wconf 85' lang='lat' dir='ltr'>Dt</span> <span class='ocrx_word' id='word_1_21' title='bbox 321 566 378 629; x_wconf 86' lang='lat' dir='ltr'>tibi</span> <span class='ocrx_word' id='word_1_22' title='bbox 392 565 522 628; x_wconf 90' lang='lat' dir='ltr'>divitias</span> <span class='ocrx_word' id='word_1_23' title='bbox 536 565 702 644; x_wconf 89' lang='lat' dir='ltr'>dederunt,</span> <span class='ocrx_word' id='word_1_24' title='bbox 718 574 884 645; x_wconf 81' lang='lat' dir='ltr'>artemque</span> <span class='ocrx_word' id='word_1_25' title='bbox 899 562 1036 628; x_wconf 79' lang='lat' dir='ltr'>fruendi.</span> 
     </span>
     <span class='ocr_line' id='line_1_5' title="bbox 262 663 1045 747; baseline -0.003 -19"><span class='ocrx_word' id='word_1_26' title='bbox 262 665 355 736; x_wconf 77' lang='lat' dir='ltr'>nuid</span> <span class='ocrx_word' id='word_1_27' title='bbox 370 676 487 728; x_wconf 83' lang='lat' dir='ltr'>voveat</span> <span class='ocrx_word' id='word_1_28' title='bbox 501 664 590 727; x_wconf 89' lang='lat' dir='ltr'>dulei</span> <span class='ocrx_word' id='word_1_29' title='bbox 605 663 767 727; x_wconf 89' lang='lat' dir='ltr'>nutricula</span> <span class='ocrx_word' id='word_1_30' title='bbox 782 665 888 747; x_wconf 76' lang='lat' dir='ltr'>maJus</span> <span class='ocrx_word' id='word_1_31' title='bbox 902 663 1045 742; x_wconf 82' lang='lat' dir='ltr'>alumne,</span> 
     </span>
     <span class='ocr_line' id='line_1_6' title="bbox 262 763 1047 848; baseline -0.004 -19"><span class='ocrx_word' id='word_1_32' title='bbox 262 765 332 836; x_wconf 79' lang='lat' dir='ltr'>uui</span> <span class='ocrx_word' id='word_1_33' title='bbox 347 785 457 848; x_wconf 87' lang='lat' dir='ltr'>sapere</span> <span class='ocrx_word' id='word_1_34' title='bbox 472 774 504 827; x_wconf 89' lang='lat' dir='ltr'>et</span> <span class='ocrx_word' id='word_1_35' title='bbox 517 763 578 828; x_wconf 85' lang='lat' dir='ltr'>sari</span> <span class='ocrx_word' id='word_1_36' title='bbox 592 764 692 846; x_wconf 88' lang='lat' dir='ltr'>possit</span> <span class='ocrx_word' id='word_1_37' title='bbox 706 783 790 845; x_wconf 88' lang='lat' dir='ltr'>quae</span> <span class='ocrx_word' id='word_1_38' title='bbox 806 763 931 844; x_wconf 89' lang='lat' dir='ltr'>sentiat,</span> <span class='ocrx_word' id='word_1_39' title='bbox 946 774 979 825; x_wconf 91' lang='lat' dir='ltr'>et</span> <span class='ocrx_word' id='word_1_40' title='bbox 993 765 1047 827; x_wconf 89' lang='lat' dir='ltr'>eui</span> 
     </span>
     <span class='ocr_line' id='line_1_7' title="bbox 262 861 1355 946; baseline -0.002 -17"><span class='ocrx_word' id='word_1_41' title='bbox 262 864 384 944; x_wconf 85' lang='lat' dir='ltr'>Gratia,</span> <span class='ocrx_word' id='word_1_42' title='bbox 400 863 497 943; x_wconf 84' lang='lat' dir='ltr'>fama,</span> <span class='ocrx_word' id='word_1_43' title='bbox 512 861 665 926; x_wconf 86' lang='lat' dir='ltr'>valetudo</span> <span class='ocrx_word' id='word_1_44' title='bbox 679 863 845 946; x_wconf 86' lang='lat' dir='ltr'>contingat</span> <span class='ocrx_word' id='word_1_45' title='bbox 859 862 998 942; x_wconf 85' lang='lat' dir='ltr'>abunde,</span> <span class='ocrx_word' id='word_1_46' title='bbox 1205 866 1266 927; x_wconf 84' lang='lat'>10</span> <span class='ocrx_word' id='word_1_47' title='bbox 1354 873 1355 916; x_wconf 58' lang='lat' dir='ltr'>l</span> 
     </span>
     <span class='ocr_line' id='line_1_8' title="bbox 263 953 1356 1043; baseline -0.003 -16"><span class='ocrx_word' id='word_1_48' title='bbox 263 965 309 1027; x_wconf 86' lang='lat' dir='ltr'>Et</span> <span class='ocrx_word' id='word_1_49' title='bbox 324 963 469 1027; x_wconf 89' lang='lat' dir='ltr'>mundus</span> <span class='ocrx_word' id='word_1_50' title='bbox 483 963 599 1043; x_wconf 76' lang='lat' dir='ltr'>virtue,</span> <span class='ocrx_word' id='word_1_51' title='bbox 614 982 681 1026; x_wconf 91' lang='lat' dir='ltr'>non</span> <span class='ocrx_word' id='word_1_52' title='bbox 695 961 864 1026; x_wconf 89' lang='lat' dir='ltr'>deficiente</span> <span class='ocrx_word' id='word_1_53' title='bbox 879 963 1057 1028; x_wconf 70' lang='lat' dir='ltr'>crumena?</span> <span class='ocrx_word' id='word_1_54' title='bbox 1354 953 1356 967; x_wconf 48' lang='lat'>¹</span> 
     </span>
     <span class='ocr_line' id='line_1_9' title="bbox 264 1061 1027 1146; baseline -0.005 -19"><span class='ocrx_word' id='word_1_55' title='bbox 264 1064 352 1127; x_wconf 88' lang='lat' dir='ltr'>Inter</span> <span class='ocrx_word' id='word_1_56' title='bbox 365 1083 455 1146; x_wconf 88' lang='lat' dir='ltr'>spem</span> <span class='ocrx_word' id='word_1_57' title='bbox 470 1082 655 1144; x_wconf 86' lang='lat' dir='ltr'>curemque,</span> <span class='ocrx_word' id='word_1_58' title='bbox 670 1063 799 1124; x_wconf 88' lang='lat' dir='ltr'>timores</span> <span class='ocrx_word' id='word_1_59' title='bbox 814 1061 896 1125; x_wconf 87' lang='lat' dir='ltr'>inter</span> <span class='ocrx_word' id='word_1_60' title='bbox 909 1072 942 1124; x_wconf 91' lang='lat' dir='ltr'>et</span> <span class='ocrx_word' id='word_1_61' title='bbox 956 1061 1027 1140; x_wconf 87' lang='lat' dir='ltr'>iras,</span> 
     </span>
     <span class='ocr_line' id='line_1_10' title="bbox 264 1161 1072 1243; baseline -0.004 -16"><span class='ocrx_word' id='word_1_62' title='bbox 264 1164 406 1227; x_wconf 89' lang='lat' dir='ltr'>Omnem</span> <span class='ocrx_word' id='word_1_63' title='bbox 419 1163 512 1226; x_wconf 81' lang='lat' dir='ltr'>crede</span> <span class='ocrx_word' id='word_1_64' title='bbox 526 1161 614 1226; x_wconf 88' lang='lat' dir='ltr'>diem</span> <span class='ocrx_word' id='word_1_65' title='bbox 628 1161 685 1225; x_wconf 90' lang='lat' dir='ltr'>tibi</span> <span class='ocrx_word' id='word_1_66' title='bbox 700 1161 859 1225; x_wconf 85' lang='lat' dir='ltr'>diluxisse</span> <span class='ocrx_word' id='word_1_67' title='bbox 874 1179 1072 1243; x_wconf 88' lang='lat' dir='ltr'>supremum.</span> 
     </span>
    </p>

    <p class='ocr_par' dir='ltr' id='par_1_3' title="bbox 221 1260 1251 1542">
     <span class='ocr_line' id='line_1_11' title="bbox 221 1260 1160 1346; baseline -0.004 -16"><span class='ocrx_word' id='word_1_68' title='bbox 221 1327 229 1331; x_wconf 75' lang='grc'>,,</span> <span class='ocrx_word' id='word_1_69' title='bbox 265 1265 365 1327; x_wconf 86' lang='lat' dir='ltr'>Grata</span> <span class='ocrx_word' id='word_1_70' title='bbox 378 1262 590 1346; x_wconf 86' lang='lat' dir='ltr'>superveniet,</span> <span class='ocrx_word' id='word_1_71' title='bbox 606 1281 691 1344; x_wconf 85' lang='lat' dir='ltr'>quae</span> <span class='ocrx_word' id='word_1_72' title='bbox 706 1279 771 1324; x_wconf 90' lang='lat' dir='ltr'>non</span> <span class='ocrx_word' id='word_1_73' title='bbox 787 1261 972 1343; x_wconf 87' lang='lat' dir='ltr'>sperabitur,</span> <span class='ocrx_word' id='word_1_74' title='bbox 988 1260 1077 1322; x_wconf 86' lang='lat' dir='ltr'>hora.</span> <span class='ocrx_word' id='word_1_75' title='bbox 1158 1323 1160 1326; x_wconf 84' lang='lat'>.</span> 
     </span>
     <span class='ocr_line' id='line_1_12' title="bbox 265 1359 1251 1445; baseline -0.003 -20"><span class='ocrx_word' id='word_1_76' title='bbox 265 1361 320 1426; x_wconf 88' lang='lat' dir='ltr'>Me</span> <span class='ocrx_word' id='word_1_77' title='bbox 333 1362 489 1445; x_wconf 88' lang='lat' dir='ltr'>pinguem</span> <span class='ocrx_word' id='word_1_78' title='bbox 503 1372 534 1424; x_wconf 91' lang='lat' dir='ltr'>et</span> <span class='ocrx_word' id='word_1_79' title='bbox 549 1360 690 1424; x_wconf 89' lang='lat' dir='ltr'>nitidum</span> <span class='ocrx_word' id='word_1_80' title='bbox 706 1360 786 1422; x_wconf 87' lang='lat' dir='ltr'>bene</span> <span class='ocrx_word' id='word_1_81' title='bbox 801 1369 914 1422; x_wconf 84' lang='lat' dir='ltr'>curata</span> <span class='ocrx_word' id='word_1_82' title='bbox 928 1369 1002 1422; x_wconf 87' lang='lat' dir='ltr'>ente</span> <span class='ocrx_word' id='word_1_83' title='bbox 1018 1359 1112 1440; x_wconf 88' lang='lat' dir='ltr'>vises,</span> <span class='ocrx_word' id='word_1_84' title='bbox 1203 1363 1251 1423; x_wconf 81' lang='lat'>15</span> 
     </span>
     <span class='ocr_line' id='line_1_13' title="bbox 266 1458 1042 1542; baseline -0.004 -17"><span class='ocrx_word' id='word_1_85' title='bbox 266 1462 352 1525; x_wconf 85' lang='lat' dir='ltr'>Cum</span> <span class='ocrx_word' id='word_1_86' title='bbox 367 1460 468 1524; x_wconf 87' lang='lat' dir='ltr'>ridere</span> <span class='ocrx_word' id='word_1_87' title='bbox 483 1459 572 1525; x_wconf 78' lang='lat' dir='ltr'>voles</span> <span class='ocrx_word' id='word_1_88' title='bbox 587 1459 720 1541; x_wconf 85' lang='lat' dir='ltr'>Epicuri</span> <span class='ocrx_word' id='word_1_89' title='bbox 734 1458 776 1522; x_wconf 88' lang='lat' dir='ltr'>de</span> <span class='ocrx_word' id='word_1_90' title='bbox 791 1479 885 1542; x_wconf 85' lang='lat' dir='ltr'>grege</span> <span class='ocrx_word' id='word_1_91' title='bbox 900 1476 1042 1540; x_wconf 89' lang='lat' dir='ltr'>porcum.</span> 
     </span>
    </p>
   </div>
   <div class='ocr_carea' id='block_1_3' title="bbox 675 1781 793 1794">
    <p class='ocr_par' dir='ltr' id='par_1_4' title="bbox 675 1781 793 1794">
     <span class='ocr_line' id='line_1_14' title="bbox 675 1781 793 1794; baseline 0 -2"><span class='ocrx_word' id='word_1_92' title='bbox 675 1781 793 1794; x_wconf 45' lang='grc' dir='ltr'>ῃ-</span> 
     </span>
    </p>
   </div>
   <div class='ocr_carea' id='block_1_4' title="bbox 595 2021 873 2083">
    <p class='ocr_par' dir='ltr' id='par_1_5' title="bbox 595 2021 873 2083">
     <span class='ocr_line' id='line_1_15' title="bbox 595 2021 873 2083; baseline -0.007 -1"><span class='ocrx_word' id='word_1_93' title='bbox 595 2021 810 2083; x_wconf 77' lang='lat' dir='ltr'>EPISTOLA</span> <span class='ocrx_word' id='word_1_94' title='bbox 837 2021 873 2082; x_wconf 83' lang='lat' dir='ltr'>V.</span> 
     </span>
    </p>
   </div>
   <div class='ocr_carea' id='block_1_5' title="bbox 526 2221 938 2267">
    <p class='ocr_par' dir='ltr' id='par_1_6' title="bbox 526 2221 938 2267">
     <span class='ocr_line' id='line_1_16' title="bbox 526 2221 938 2267; baseline 0.002 -4"><span class='ocrx_word' id='word_1_95' title='bbox 526 2221 584 2263; x_wconf 77' lang='lat' dir='ltr'>An</span> <span class='ocrx_word' id='word_1_96' title='bbox 614 2221 938 2267; x_wconf 75' lang='lat' dir='ltr'><strong>TORQUA&#39;I&#39;UM·</strong></span> 
     </span>
    </p>
   </div>
   <div class='ocr_carea' id='block_1_6' title="bbox 260 2398 1240 3576">
    <p class='ocr_par' dir='ltr' id='par_1_7' title="bbox 260 2398 1240 3576">
     <span class='ocr_line' id='line_1_17' title="bbox 306 2398 1095 2481; baseline -0.001 -18"><span class='ocrx_word' id='word_1_97' title='bbox 306 2400 342 2463; x_wconf 76' lang='lat' dir='ltr'>Si</span> <span class='ocrx_word' id='word_1_98' title='bbox 357 2409 445 2481; x_wconf 90' lang='lat' dir='ltr'>potes</span> <span class='ocrx_word' id='word_1_99' title='bbox 461 2398 627 2462; x_wconf 84' lang='lat' dir='ltr'>Archiacis</span> <span class='ocrx_word' id='word_1_100' title='bbox 642 2399 782 2462; x_wconf 85' lang='lat' dir='ltr'>conviva</span> <span class='ocrx_word' id='word_1_101' title='bbox 797 2400 981 2462; x_wconf 85' lang='lat' dir='ltr'>recumbere</span> <span class='ocrx_word' id='word_1_102' title='bbox 996 2398 1095 2480; x_wconf 85' lang='lat' dir='ltr'>lectis,</span> 
     </span>
     <span class='ocr_line' id='line_1_18' title="bbox 264 2496 1074 2581; baseline 0 -20"><span class='ocrx_word' id='word_1_103' title='bbox 264 2496 333 2561; x_wconf 90' lang='lat' dir='ltr'>Nec</span> <span class='ocrx_word' id='word_1_104' title='bbox 348 2498 476 2561; x_wconf 91' lang='lat' dir='ltr'>modica</span> <span class='ocrx_word' id='word_1_105' title='bbox 490 2518 625 2561; x_wconf 89' lang='lat' dir='ltr'>coenare</span> <span class='ocrx_word' id='word_1_106' title='bbox 640 2500 733 2561; x_wconf 90' lang='lat' dir='ltr'>times</span> <span class='ocrx_word' id='word_1_107' title='bbox 748 2498 820 2561; x_wconf 91' lang='lat' dir='ltr'>olus</span> <span class='ocrx_word' id='word_1_108' title='bbox 835 2518 932 2562; x_wconf 88' lang='lat' dir='ltr'>omne</span> <span class='ocrx_word' id='word_1_109' title='bbox 946 2499 1074 2581; x_wconf 88' lang='lat' dir='ltr'>patella,</span> 
     </span>
     <span class='ocr_line' id='line_1_19' title="bbox 263 2597 1012 2678; baseline 0 -18"><span class='ocrx_word' id='word_1_110' title='bbox 263 2597 421 2678; x_wconf 89' lang='lat' dir='ltr'>Supremo</span> <span class='ocrx_word' id='word_1_111' title='bbox 435 2608 465 2660; x_wconf 89' lang='lat' dir='ltr'>te</span> <span class='ocrx_word' id='word_1_112' title='bbox 481 2598 546 2660; x_wconf 92' lang='lat' dir='ltr'>sole</span> <span class='ocrx_word' id='word_1_113' title='bbox 561 2598 658 2677; x_wconf 88' lang='lat' dir='ltr'>dorni,</span> <span class='ocrx_word' id='word_1_114' title='bbox 674 2598 849 2678; x_wconf 88' lang='lat' dir='ltr'>Torquate,</span> <span class='ocrx_word' id='word_1_115' title='bbox 866 2599 1012 2660; x_wconf 87' lang='lat' dir='ltr'>manebo.</span> 
     </span>
     <span class='ocr_line' id='line_1_20' title="bbox 264 2698 1028 2781; baseline 0.001 -20"><span class='ocrx_word' id='word_1_116' title='bbox 264 2698 348 2761; x_wconf 85' lang='lat' dir='ltr'>Vina</span> <span class='ocrx_word' id='word_1_117' title='bbox 362 2698 460 2779; x_wconf 92' lang='lat' dir='ltr'>bibes,</span> <span class='ocrx_word' id='word_1_118' title='bbox 476 2699 592 2761; x_wconf 88' lang='lat' dir='ltr'>iterum</span> <span class='ocrx_word' id='word_1_119' title='bbox 607 2699 722 2761; x_wconf 85' lang='lat' dir='ltr'>Tauro</span> <span class='ocrx_word' id='word_1_120' title='bbox 735 2698 855 2761; x_wconf 87' lang='lat' dir='ltr'>diffusa</span> <span class='ocrx_word' id='word_1_121' title='bbox 869 2699 1028 2781; x_wconf 89' lang='lat' dir='ltr'>palustres</span> 
     </span>
     <span class='ocr_line' id='line_1_21' title="bbox 263 2798 1240 2886; baseline 0.001 -26"><span class='ocrx_word' id='word_1_122' title='bbox 263 2798 352 2861; x_wconf 89' lang='lat' dir='ltr'>Inter</span> <span class='ocrx_word' id='word_1_123' title='bbox 365 2798 548 2862; x_wconf 90' lang='lat' dir='ltr'>Minturnas</span> <span class='ocrx_word' id='word_1_124' title='bbox 563 2798 867 2886; x_wconf 80' lang='lat' dir='ltr'>Sinuessanumque</span> <span class='ocrx_word' id='word_1_125' title='bbox 882 2798 1058 2861; x_wconf 90' lang='lat' dir='ltr'>Petrinum.</span> <span class='ocrx_word' id='word_1_126' title='bbox 1220 2801 1240 2861; x_wconf 78' lang='lat'>⁵</span> 
     </span>
     <span class='ocr_line' id='line_1_22' title="bbox 262 2896 1123 2980; baseline -0.003 -18"><span class='ocrx_word' id='word_1_127' title='bbox 262 2898 299 2962; x_wconf 75' lang='lat' dir='ltr'>si</span> <span class='ocrx_word' id='word_1_128' title='bbox 313 2898 430 2961; x_wconf 87' lang='lat' dir='ltr'>melius</span> <span class='ocrx_word' id='word_1_129' title='bbox 444 2898 524 2980; x_wconf 90' lang='lat' dir='ltr'>quid</span> <span class='ocrx_word' id='word_1_130' title='bbox 540 2898 648 2976; x_wconf 81' lang='lat' dir='ltr'>habes,</span> <span class='ocrx_word' id='word_1_131' title='bbox 665 2916 798 2977; x_wconf 88' lang='lat' dir='ltr'>arcesse,</span> <span class='ocrx_word' id='word_1_132' title='bbox 815 2896 868 2959; x_wconf 86' lang='lat' dir='ltr'>vel</span> <span class='ocrx_word' id='word_1_133' title='bbox 882 2897 1053 2980; x_wconf 90' lang='lat' dir='ltr'>imperium</span> <span class='ocrx_word' id='word_1_134' title='bbox 1069 2896 1123 2960; x_wconf 86' lang='lat' dir='ltr'>fer.</span> 
     </span>
     <span class='ocr_line' id='line_1_23' title="bbox 261 2994 1159 3079; baseline -0.001 -18"><span class='ocrx_word' id='word_1_135' title='bbox 261 2995 465 3061; x_wconf 87' lang='lat' dir='ltr'>Jamdudurn</span> <span class='ocrx_word' id='word_1_136' title='bbox 479 2996 625 3079; x_wconf 90' lang='lat' dir='ltr'>splendet</span> <span class='ocrx_word' id='word_1_137' title='bbox 639 2994 731 3058; x_wconf 82' lang='lat' dir='ltr'>focus</span> <span class='ocrx_word' id='word_1_138' title='bbox 747 3004 778 3057; x_wconf 91' lang='lat' dir='ltr'>et</span> <span class='ocrx_word' id='word_1_139' title='bbox 793 2996 850 3058; x_wconf 91' lang='lat' dir='ltr'>tibi</span> <span class='ocrx_word' id='word_1_140' title='bbox 864 2995 989 3060; x_wconf 91' lang='lat' dir='ltr'>munda</span> <span class='ocrx_word' id='word_1_141' title='bbox 1004 2996 1159 3078; x_wconf 85' lang='lat' dir='ltr'>supellex.</span> 
     </span>
     <span class='ocr_line' id='line_1_24' title="bbox 263 3094 1002 3178; baseline 0 -19"><span class='ocrx_word' id='word_1_142' title='bbox 263 3096 355 3159; x_wconf 92' lang='lat' dir='ltr'>Mitte</span> <span class='ocrx_word' id='word_1_143' title='bbox 370 3096 458 3159; x_wconf 88' lang='lat' dir='ltr'>leves</span> <span class='ocrx_word' id='word_1_144' title='bbox 473 3116 555 3178; x_wconf 88' lang='lat' dir='ltr'>spes,</span> <span class='ocrx_word' id='word_1_145' title='bbox 570 3105 602 3157; x_wconf 88' lang='lat' dir='ltr'>et</span> <span class='ocrx_word' id='word_1_146' title='bbox 617 3095 793 3157; x_wconf 89' lang='lat' dir='ltr'>certamina</span> <span class='ocrx_word' id='word_1_147' title='bbox 808 3094 1002 3175; x_wconf 88' lang='lat' dir='ltr'>divitiarum,</span> 
     </span>
     <span class='ocr_line' id='line_1_25' title="bbox 263 3195 1096 3260; baseline -0.002 0"><span class='ocrx_word' id='word_1_148' title='bbox 263 3196 308 3259; x_wconf 76' lang='lat' dir='ltr'>nt</span> <span class='ocrx_word' id='word_1_149' title='bbox 322 3197 449 3260; x_wconf 90' lang='lat' dir='ltr'>Moschi</span> <span class='ocrx_word' id='word_1_150' title='bbox 463 3216 609 3260; x_wconf 84' lang='lat' dir='ltr'>causam.</span> <span class='ocrx_word' id='word_1_151' title='bbox 653 3196 733 3258; x_wconf 85' lang='lat' dir='ltr'>Cras</span> <span class='ocrx_word' id='word_1_152' title='bbox 748 3206 825 3259; x_wconf 85' lang='lat' dir='ltr'>nato</span> <span class='ocrx_word' id='word_1_153' title='bbox 841 3197 980 3259; x_wconf 86' lang='lat' dir='ltr'>Caesare</span> <span class='ocrx_word' id='word_1_154' title='bbox 995 3195 1096 3259; x_wconf 89' lang='lat' dir='ltr'>festus</span> 
     </span>
     <span class='ocr_line' id='line_1_26' title="bbox 262 3295 1237 3378; baseline -0.005 -19"><span class='ocrx_word' id='word_1_155' title='bbox 262 3295 329 3359; x_wconf 87' lang='lat' dir='ltr'>Dat</span> <span class='ocrx_word' id='word_1_156' title='bbox 343 3296 474 3359; x_wconf 87' lang='lat' dir='ltr'>veniam</span> <span class='ocrx_word' id='word_1_157' title='bbox 488 3314 704 3376; x_wconf 88' lang='lat' dir='ltr'>somnumque</span> <span class='ocrx_word' id='word_1_158' title='bbox 718 3295 806 3360; x_wconf 89' lang='lat' dir='ltr'>dies:</span> <span class='ocrx_word' id='word_1_159' title='bbox 828 3296 960 3378; x_wconf 91' lang='lat' dir='ltr'>impune</span> <span class='ocrx_word' id='word_1_160' title='bbox 975 3296 1081 3359; x_wconf 86' lang='lat' dir='ltr'>licebit</span> <span class='ocrx_word' id='word_1_161' title='bbox 1200 3296 1237 3358; x_wconf 79' lang='grc'>10</span> 
     </span>
     <span class='ocr_line' id='line_1_27' title="bbox 262 3394 1142 3482; baseline -0.001 -23"><span class='ocrx_word' id='word_1_162' title='bbox 262 3396 428 3459; x_wconf 84' lang='lat' dir='ltr'>Aestivam</span> <span class='ocrx_word' id='word_1_163' title='bbox 443 3414 588 3458; x_wconf 84' lang='lat' dir='ltr'>sermone</span> <span class='ocrx_word' id='word_1_164' title='bbox 603 3394 743 3477; x_wconf 89' lang='lat' dir='ltr'>benigno</span> <span class='ocrx_word' id='word_1_165' title='bbox 758 3395 886 3458; x_wconf 88' lang='lat' dir='ltr'>tendere</span> <span class='ocrx_word' id='word_1_166' title='bbox 902 3406 1038 3459; x_wconf 86' lang='lat' dir='ltr'>noctem.</span> <span class='ocrx_word' id='word_1_167' title='bbox 1140 3476 1142 3482; x_wconf 28' lang='grc' dir='ltr'>Ι</span> 
     </span>
     <span class='ocr_line' id='line_1_28' title="bbox 260 3494 1030 3576; baseline 0.001 -18"><span class='ocrx_word' id='word_1_168' title='bbox 260 3496 340 3568; x_wconf 78' lang='lat' dir='ltr'>Quo</span> <span class='ocrx_word' id='word_1_169' title='bbox 353 3496 434 3559; x_wconf 91' lang='lat' dir='ltr'>mihi</span> <span class='ocrx_word' id='word_1_170' title='bbox 448 3494 619 3576; x_wconf 85' lang='lat' dir='ltr'>fortunam,</span> <span class='ocrx_word' id='word_1_171' title='bbox 635 3495 662 3557; x_wconf 92' lang='lat' dir='ltr'>si</span> <span class='ocrx_word' id='word_1_172' title='bbox 677 3515 743 3557; x_wconf 92' lang='lat' dir='ltr'>non</span> <span class='ocrx_word' id='word_1_173' title='bbox 758 3496 943 3559; x_wconf 89' lang='lat' dir='ltr'>conceditur</span> <span class='ocrx_word' id='word_1_174' title='bbox 957 3495 1030 3560; x_wconf 70' lang='lat' dir='ltr'>uti?</span> 
     </span>
    </p>
   </div>
   <div class='ocr_carea' id='block_1_7' title="bbox 259 3693 1200 3757">
    <p class='ocr_par' dir='ltr' id='par_1_8' title="bbox 259 3693 1200 3757">
     <span class='ocr_line' id='line_1_29' title="bbox 259 3693 1200 3757; baseline -0.002 -10"><span class='ocrx_word' id='word_1_175' title='bbox 259 3696 286 3747; x_wconf 76' lang='grc' dir='ltr'>Ε.</span> <span class='ocrx_word' id='word_1_176' title='bbox 298 3710 324 3746; x_wconf 81' lang='lat' dir='ltr'>v,</span> <span class='ocrx_word' id='word_1_177' title='bbox 335 3696 358 3746; x_wconf 80' lang='lat'>6.</span> <span class='ocrx_word' id='word_1_178' title='bbox 377 3697 422 3747; x_wconf 83' lang='lat' dir='ltr'>Sm</span> <span class='ocrx_word' id='word_1_179' title='bbox 498 3696 535 3747; x_wconf 81' lang='lat'>12.</span> <span class='ocrx_word' id='word_1_180' title='bbox 555 3693 752 3757; x_wconf 81' lang='lat' dir='ltr'>Quo-fortuna;</span> <span class='ocrx_word' id='word_1_181' title='bbox 771 3697 834 3756; x_wconf 88' lang='lat' dir='ltr'>Quid</span> <span class='ocrx_word' id='word_1_182' title='bbox 849 3696 978 3757; x_wconf 83' lang='lat' dir='ltr'>-sortnna3</span> <span class='ocrx_word' id='word_1_183' title='bbox 997 3694 1200 3755; x_wconf 75' lang='lat' dir='ltr'>Quo-fortunae.</span> 
     </span>
    </p>
   </div>
   <div class='ocr_carea' id='block_1_8' title="bbox 0 0 1379 4250">
    <p class='ocr_par' dir='ltr' id='par_1_9' title="bbox 0 0 1379 4250">
     <span class='ocr_line' id='line_1_30' title="bbox 0 0 1379 4250; baseline 0 0"><span class='ocrx_word' id='word_1_184' title='bbox 0 0 1379 4250; x_wconf 95' lang='lat' dir='ltr'> </span> 
     </span>
    </p>
   </div>
  </div>
 </body>
</html>
