2742 4250
626 280 827 352 mmm

589 566 771 630 cARnuN
797 566 874 629 XII.

390 753 441 799 AD
472 752 507 796 0·
539 751 728 797 cremum
759 749 1074 795 uincendum.

350 914 441 981 Nolis
456 913 552 996 longa
567 912 652 976 ferae
666 912 752 976 bella
766 912 965 978 Numantiae

349 1015 418 1080 Nec
432 1013 539 1078 dirum
553 1012 774 1077 Hannibalem
787 1032 848 1076 nec
862 1011 1013 1078 Siculum
1026 1030 1116 1076 marn

350 1115 458 1178 Poeno
472 1131 670 1196 purpureum
685 1112 846 1196 sanguine
861 1111 1015 1176 mollibus

434 1212 546 1294 Aptari
560 1211 703 1274 citharae
717 1211 832 1292 modis,
908 1230 910 1235 ·

351 1412 421 1477 Nec
436 1430 549 1474 saevos
563 1410 722 1493 Lapithas
736 1421 768 1473 et
782 1411 922 1474 nimium
938 1430 1024 1475 mero
1227 1409 1249 1473 5

354 1510 520 1594 Hylaeum
535 1508 736 1592 domitosque
751 1510 912 1575 Herculea
928 1531 1031 1575 manu

353 1609 496 1675 Telluris
506 1611 652 1694 juvenes,
668 1610 755 1673 unde
770 1610 950 1692 periculum

439 1709 584 1791 Fulgens
598 1711 793 1772 contremuit
808 1708 925 1773 domus

355 1907 488 1972 Saturni
502 1907 634 1972 veteris:
658 1919 759 1988 tuque
774 1907 974 1989 pedestribus

354 2006 452 2070 Dices
466 2005 604 2069 historiis
620 2006 739 2088 proelia
754 2007 911 2085 Caesaris,

355 2106 536 2184 Maecenas,
553 2105 668 2168 melius
683 2105 845 2188 ductaque
861 2126 916 2189 per
930 2106 1001 2169 vias

438 2205 566 2287 Regum
581 2204 663 2266 colla
678 2206 864 2268 minacium.

301 2405 304 2410 ’
356 2402 411 2466 Me
426 2400 538 2464 dulces
552 2401 703 2465 dominae
720 2403 817 2465 Musa
832 2402 1023 2486 Licymniae

357 2503 490 2582 Cantus,
506 2521 558 2564 me
573 2501 676 2564 voluit
690 2500 794 2564 dicere
810 2501 956 2565 lucidum

357 2601 533 2684 Fulgentes
548 2599 667 2679 oculos,
683 2610 715 2663 et
730 2601 811 2663 bene
825 2602 949 2664 mutuis
1209 2603 1245 2665 Ιῦ

317 2708 322 2720 “
440 2699 560 2763 Fidum
576 2710 688 2782 pectus
703 2700 888 2763 amoribus:

355 2903 470 2969 Quam
484 2919 544 2963 nec
558 2899 637 2963 serre
652 2897 769 2982 pedem
782 2897 933 2961 dedecuit
946 2897 1052 2961 choris

355 2996 423 3062 Nee
437 3009 557 3061 certare
566 2999 639 3082 joco
653 3017 714 3060 nec
728 2997 805 3060 dare
818 2998 952 3060 bracma

355 3093 536 3160 Ludentem
551 3096 661 3159 nitidis
676 3095 863 3178 virginibus,
880 3115 970 3159 sacro

442 3195 565 3259 Dianae
580 3194 712 3258 celebris
727 3194 788 3257 die.

357 3392 446 3457 Num
462 3402 505 3474 tu,
520 3411 604 3475 quae
621 3392 725 3455 tenuit
739 3391 829 3456 dives
844 3393 1076 3474 Achaemenes,

356 3493 422 3556 Aut
436 3492 565 3575 pinguis
579 3492 741 3576 Phrygiae
757 3491 953 3576 Mygdonias
967 3512 1044 3576 opes

326 3675 356 3729 C.
368 3678 412 3728 xii.
423 3677 448 3726 2.
465 3678 558 3727 durum.
656 3678 680 3728 6.
697 3678 840 3727 domitosvc.
942 3678 980 3727 12.
998 3678 1153 3727 minantium.

670 3760 709 3807 1³.
726 3759 810 3808 dulcis.
