2742 4250
439 270 550 321 mue
574 268 628 323 nu
678 270 709 321 o.
733 270 785 321 xe
1085 257 1133 329 89

282 428 351 494 Nec
367 427 490 510 loquax
505 427 583 493 olim
597 446 704 511 neque
719 439 819 513 grata,
834 447 924 493 nunc
940 437 975 497 et
1111 434 1132 495 5

282 528 435 594 Divitem
449 529 569 593 mensis
584 538 617 592 et
630 529 738 593 amica
751 529 887 612 templis,

280 630 344 692 Dic
359 628 481 709 modos,
497 626 591 711 Lyde
605 629 726 712 qribus
741 629 919 693 obstinatas

365 728 513 811 Applieet
528 748 630 808 aures,

281 930 389 1008 Quae,
404 928 496 991 velut
509 926 584 990 latis
599 946 685 1009 equa
700 928 795 991 trima
808 930 933 1013 campis

281 1026 384 1091 Ludit
397 1026 560 1107 exsultim,
576 1027 756 1108 metuitque
771 1028 870 1111 tangi,
1055 1094 1059 1101 ,
1096 1030 1132 1092 10

284 1126 479 1209 Nuptiarum
493 1145 609 1208 expers
624 1135 655 1189 et
670 1126 779 1190 adhue
794 1137 939 1209 protervo

368 1225 478 1290 Cruda
493 1226 616 1289 marite.

280 1426 338 1490 'l'u
352 1438 443 1509 potes
460 1427 555 1509 tigres
569 1427 767 1510 comitesque
781 1429 881 1492 silvas

282 1528 409 1591 Ducere
424 1535 456 1589 et
469 1527 556 1590 rivos
570 1526 689 1591 celeres
703 1528 841 1611 morari3

282 1627 386 1689 Cessit
400 1626 554 1690 immanis
569 1627 627 1691 tibi
641 1627 821 1691 blandienti

364 1726 488 1790 Janitor
503 1725 606 1804 aulae,

282 1928 447 2007 Cerberus,
463 1927 615 2007 quamvis
630 1924 743 1990 furiale
758 1902 888 1992 centum

281 2026 435 2091 Muniant
449 2046 574 2108 angues
588 2035 687 2109 ceput
701 2029 779 2111 ejus,
794 2037 892 2110 atque

281 2129 419 2211 Spiritus
433 2137 513 2191 teter
526 2126 698 2210 saniesque
713 2139 824 2192 manet

365 2227 429 2292 Ore
443 2227 594 2310 trilingui.

279 2429 374 2500 Quin
389 2439 421 2492 et
435 2428 531 2491 Ixion
546 2427 730 2510 Tityosque
745 2427 840 2492 vultu

280 2529 364 2593 Risit
379 2527 489 2607 invito,
505 2525 591 2589 stetit
605 2545 688 2588 urna
703 2526 853 2610 paullum

280 2629 383 2707 Sicca,
398 2627 479 2691 dum
495 2637 584 2710 grato
599 2628 708 2692 Danai
723 2628 848 2711 puellas

364 2727 516 2791 Carmine
530 2727 664 2790 mulces.

278 2941 403 3007 Audiat
416 2941 510 3025 Lyde
526 2940 632 3005 scelus
647 2952 745 3024 atque
760 2952 853 3006 notas
1084 2947 1125 3010 25

279 3043 451 3125 virginum
466 3061 587 3124 poenas
602 3053 634 3106 et
647 3042 745 3107 inane
759 3043 914 3128 lymphae

278 3143 413 3206 Dolium
428 3140 530 3205 fundo
544 3143 706 3225 pereuntis
721 3144 787 3207 imo

363 3244 506 3324 Senaque
521 3240 597 3322 fata,

277 3460 376 3529 Quae
393 3469 528 3522 manent
541 3457 655 3540 culpas
669 3459 768 3523 etiam
782 3461 844 3522 sub
858 3460 951 3523 Orco.

278 3559 522 3641 Impiae-nam
537 3558 616 3640 quid
631 3568 762 3641 potuere
777 3560 907 3643 majus?
1084 3561 1126 3622 30

206 3755 236 3807 C.
249 3759 280 3806 xl
296 3759 333 3809 18.
352 3769 433 3820 capnt,
443 3768 570 3820 exeatque,
581 3759 610 3807 de
621 3760 684 3824 conj.
698 3759 780 3809 Beati.
845 3757 886 3808 3⁰.
905 3758 1027 3820 numquid.
