2742 4250
224 273 292 342 222
616 289 829 342 susurratur

221 448 423 512 Aedificante
438 467 534 511 casas
549 458 606 531 qut
621 449 753 511 sanior'l
796 447 890 512 Adde
905 467 1051 512 cruorem
1175 451 1240 515 275

221 549 382 612 Stultitiae
397 559 495 632 atque
510 549 618 632 ignem
633 548 744 630 gladio
759 558 910 611 scrutare.
956 548 1062 628 Modo,
1079 549 1224 632 inquam,

221 649 358 713 Hellade
372 669 525 732 percussa
540 647 663 712 Marius
677 667 755 711 cum
769 648 1014 730 praecipitatae,

137 753 140 758 ’
221 750 362 813 Cenitus
376 748 462 812 tunt
484 767 527 810 an
542 756 723 809 commotae
737 747 870 809 crimine
885 749 1004 810 mentis

220 849 377 913 Absolves
392 848 566 928 hominem,
581 857 613 910 et
627 845 755 909 sceleris
769 843 941 910 damnabis
956 849 1105 928 eundem,

222 951 276 1014 Ex
290 969 377 1012 more
392 948 561 1030 imponens
575 956 714 1029 cognata
728 937 890 1010 vocabula
905 947 1024 1011 rebusl
1174 949 1242 1012 280

221 1049 404 1113 Libertinus
418 1059 494 1127 erat,
509 1047 566 1128 qui
580 1048 704 1109 circum
719 1047 859 1128 compita
874 1047 980 1109 siccus

221 1149 336 1213 Lautis
349 1167 445 1210 mane
460 1165 560 1209 senex
574 1146 727 1209 manibus
741 1147 897 1226 currebat,
912 1157 943 1208 et
945 1147 1134 1226 ,Unum-

221 1248 313 1318 Quid
328 1258 395 1310 tam
410 1245 592 1328 magnum?
614 1245 886 1310 addens-unum
901 1265 953 1308 me
969 1246 1087 1329 surpite
1102 1247 1218 1310 morti!

221 1350 282 1411 Dis
296 1348 415 1410 etenim
431 1345 524 1408 facile
538 1354 598 1426 est,
611 1345 741 1409 orabat:
765 1357 868 1408 sanus
885 1346 1028 1427 utrisque

221 1447 362 1510 Auribus
378 1457 475 1527 atque
489 1444 610 1526 oculis3
633 1434 777 1508 mentem
791 1446 854 1508 nisr
845 1436 1070 1527 'litigiosus
1175 1447 1241 1510 285

221 1545 394 1628 Exciperet
408 1543 568 1623 dominus,
583 1563 661 1606 cum
674 1543 839 1608 venderet.
888 1543 958 1606 Hoc
974 1564 1102 1626 quoque
1119 1545 1242 1628 vulgus

221 1645 423 1727 Chrysippus
437 1643 526 1724 ponit
541 1641 706 1723 fecunda
698 1663 731 1706 m
747 1653 842 1726 gente
858 1631 998 1707 Meneni.
1091 1657 1095 1662 ’
1112 1654 1118 1662 ’

222 1745 353 1827 Jupiter,
369 1742 515 1824 ingentes
529 1762 585 1823 qm
577 1741 660 1804 das
675 1742 857 1856 adimisque
871 1741 1003 1820 dolores,
1075 1754 1079 1760 ’
1157 1755 1160 1761 ·

222 1845 326 1908 Mater
340 1844 385 1907 ait
399 1843 488 1926 pueri
504 1862 631 1905 menses
641 1842 871 1926 jamquinque
886 1842 1043 1922 cubantis,

222 1942 355 2026 Frigida
370 1943 398 2005 si
413 1958 550 2024 puerum
563 1953 724 2024 quartana
738 1929 908 2022 reliquerit,
924 1941 979 2003 illo
1176 1944 1243 2008 290
1354 2029 1355 2036 ἵ

222 2041 321 2107 Mane
336 2043 397 2123 dic,
413 2051 529 2125 quotu
544 2041 661 2104 indicis
671 2041 803 2126 jejunia,
820 2040 930 2104 nudus

223 2144 260 2208 In
276 2143 387 2208 Tiberi
403 2143 507 2205 stabit
553 2143 659 2205 Casus
672 2141 863 2204 medicusve
877 2141 991 2205 levarit

224 2244 366 2325 Aegrum
379 2262 421 2304 ex
437 2241 609 2324 praecipiti,
625 2251 728 2303 mater
743 2240 843 2303 delira
858 2241 986 2305 necabit

223 2342 261 2406 ln
277 2340 382 2423 gelida
397 2340 502 2403 fixum
518 2341 593 2421 ripa,
609 2339 789 2421 febrimque
803 2339 943 2403 reducet.

223 2443 343 2508 Quone
358 2440 446 2503 male
459 2452 601 2503 mentem
615 2439 800 2503 concussa?
823 2426 826 2435 ’
843 2439 976 2502 'I'irnore
990 2439 1131 2503 deorum.
1177 2440 1242 2504 295

223 2540 314 2605 Haec
329 2541 408 2603 milri
424 2541 603 2621 Stertinius,
620 2540 806 2623 sapientum
820 2548 964 2619 octavus,
980 2540 1085 2605 amico

222 2639 433 2740 armadedit,
449 2640 583 2721 posthac
597 2658 639 2702 ne
653 2638 861 2722 compellerer
875 2637 1007 2701 inultus.

224 2738 374 2801 Dixerit'
365 2733 518 2801 insanum
532 2740 589 2820 qui
604 2758 664 2818 me,
680 2737 814 2801 totidem
829 2729 949 2817 audiet,
964 2746 1092 2819 atque
1108 2780 1110 2785 -

224 2838 417 2920 Respicere
409 2850 517 2919 ignoto
529 2838 632 2928 discet
646 2837 821 2919 pendentia
835 2848 932 2919 tergo.
934 2874 976 2885 -

224 2938 338 3018 Stoice,
354 2948 426 3019 post
440 2937 640 3000 damnum
614 2956 660 2999 src
676 2935 801 2999 vendas
816 2937 928 3031 omnia
943 2936 1051 3019 pluris,
1174 2926 1245 3001 '30⁰

225 3039 306 3108 Qua
319 3056 371 3099 me
386 3036 531 3115 stultitia,
545 3036 703 3117 quoniam
717 3054 782 3100 nou
798 3022 860 3097 est
862 3025 964 3117 genus
980 3051 1084 3097 unum

226 3136 371 3201 lusanire
385 3134 507 3217 putasl
550 3134 623 3216 Ego
638 3144 717 3197 nain
732 3134 843 3197 videor
857 3133 937 3196 mihi
953 3152 1062 3196 sanus
1063 3170 1107 3183 -

226 3234 342 3305 uuidt
363 3243 464 3315 caput
477 3234 660 3296 abscissum
676 3234 827 3299 manibus
841 3242 919 3297 c'um
933 3223 1037 3315 port'at
1052 3234 1166 3315 Agave

227 3334 325 3397 Gnati
340 3330 485 3412 infelicis,
502 3332 562 3394 sibi
578 3342 649 3395 tum
664 3321 784 3395 furiosa
798 3332 992 3397 videtur?-

228 3433 372 3500 Stultum
387 3450 439 3493 me
455 3431 563 3511 fateor,
580 3431 679 3494 liceat·
689 3422 865 3495 concedere
876 3431 970 3510 veris,
1182 3432 1246 3495 eut

286 3677 344 3728 276.
360 3686 467 3727 scmtare
478 3677 561 3734 modo,
570 3676 678 3738 inquam.
744 3674 802 3727 28³.
822 3674 946 3734 Quiddarn
958 3689 1074 3736 magnum
1087 3673 1189 3727 addens.

443 3759 501 3809 301.
520 3756 769 3815 Quam-stultitiam.
835 3754 893 3807 303.
911 3757 1039 3805 abscisum.
