2742 4250
246 290 313 362 156
673 304 820 355 mooun

305 465 502 530 Indomitam
516 472 661 546 properat
676 462 797 525 rabiem
812 461 941 543 sedare3
965 480 1070 544 neque
1085 459 1132 523 illi

346 567 421 629 Jam
436 573 546 648 manet
560 562 697 625 humida
711 572 799 623 creta
813 561 964 643 colorque
1224 561 1264 621 10

304 666 446 729 Stercore
462 663 592 725 fucatus
607 661 766 741 crocodili,
778 663 912 744 jamque
928 659 1090 723 subando·

347 764 453 826 Teuta
468 761 589 824 cubilia
604 771 752 841 tectaque
767 758 905 841 rumpit!

305 863 363 928 Vel
378 883 452 926 mea
466 880 544 924 cum
559 860 665 922 saevis
680 860 782 941 agitat
796 859 926 921 fastidia
941 859 1064 921 verbis:

346 962 483 1025 Inachia
497 960 634 1041 langues
648 959 767 1038 minus,
783 978 821 1021 ao
837 978 909 1021 me:

304 1061 473 1124 Inachiam
488 1069 535 1123 ter
549 1070 642 1121 noete
656 1069 754 1140 potes,
771 1058 851 1120 mihi
866 1078 991 1139 semper
1006 1056 1048 1119 ad
1064 1074 1168 1117 uuum
1228 1056 1264 1119 la

345 1160 454 1224 Mollis
469 1179 559 1240 opus.
603 1160 717 1220 Pereat
731 1156 825 1236 male,
841 1177 925 1239 quae
941 1167 971 1219 te

304 1259 430 1337 Lesbia,
448 1258 614 1339 quaerenti
629 1266 768 1335 taurum,
784 1255 974 1318 monstravit
989 1255 1132 1329 inertem,

348 1359 433 1421 Cum
448 1357 528 1419 mihi
544 1357 632 1418 Cous
647 1356 775 1417 adesset
789 1356 958 1437 Amyntas,
1010 1390 1011 1395 κ
1247 1424 1250 1428 ,

306 1458 407 1540 Cujus
422 1458 456 1519 in
471 1455 627 1518 indomito
641 1456 837 1517 constantior
853 1455 986 1536 inguine
1001 1473 1129 1531 nervus,
1200 1516 1202 1519 ,

347 1558 461 1625 Quam
476 1575 562 1617 nova
575 1555 712 1617 collibus
728 1554 819 1616 arbor
834 1555 985 1617 inhaeret.
1221 1555 1266 1617 2ss

306 1656 485 1718 Muricibus
501 1654 613 1736 Tyriis
629 1655 759 1716 iteratae
776 1655 894 1715 vellera
909 1653 1003 1715 lanae

347 1755 411 1818 Cui
425 1755 699 1837 properabanturl
744 1754 822 1817 Tibi
837 1774 961 1835 nempe,

307 1855 356 1918 Ne
372 1854 451 1917 soret
465 1853 617 1935 aequales
632 1854 714 1916 inter
729 1854 876 1932 suumve,
893 1854 997 1935 magis
1013 1873 1110 1934 quem

353 1953 504 2037 Diligeret
518 1953 634 2015 mulier
648 1973 718 2032 sua,
733 1973 835 2034 quam
850 1963 889 2014 te.

307 2052 336 2115 Ο
351 2072 410 2134 ego
425 2073 491 2115 non
505 2052 593 2132 felix,
609 2071 711 2134 quam
726 2060 763 2114 tu
777 2051 872 2134 sugis,
889 2063 925 2115 ut
940 2061 1037 2135 pavet
1052 2070 1140 2113 aeres
1217 2051 1260 2113 25

348 2153 444 2235 Agna
458 2152 559 2235 lupos,
576 2171 775 2234 capreaeque
790 2151 916 2214 leones!

607 2727 787 2789 GARMEN
814 2726 909 2786 XIII.

597 2927 658 2971 An
696 2926 913 2968 AMICOS.

251 3105 384 3171 llorrida
399 3115 572 3186 tempestas
587 3107 716 3167 coelum
731 3105 899 3181 contraxit,
916 3113 948 3164 et
964 3103 1080 3165 imbres

291 3206 455 3286 Nivesque
470 3202 635 3265 deducunt
650 3204 783 3266 Jovem:
807 3223 894 3264 nune
911 3222 1006 3281 mare,
1024 3221 1110 3263 nune
1127 3201 1231 3264 siluae

250 3305 400 3370 'l'lrreieio
415 3302 575 3384 Aquilone
591 3312 716 3364 sonant.
760 3303 949 3383 RapIamus,
966 3302 1071 3380 amiel,

291 3405 504 3468 Occasionem
520 3399 559 3463 de
574 3400 635 3480 die,
652 3400 795 3481 dumque
811 3402 914 3463 virent
932 3418 1040 3481 genua

254 3503 295 3565 ut
309 3502 408 3580 decet
423 3498 564 3563 obducta
579 3499 724 3562 solvatur
738 3499 839 3562 fronte
855 3509 1013 3560 senectus.

292 3601 349 3663 'l'u
364 3619 442 3663 vrna
456 3599 623 3680 Torquato
638 3619 732 3660 move
747 3599 879 3660 consule
894 3617 1003 3679 pressa
1019 3617 1099 3660 meo.

637 3799 677 3845 25.
696 3794 718 3843 Ο
730 3812 775 3857 ego
787 3797 877 3845 inlelix.
