2742 4250
621 257 820 308 ufflssuuu

362 412 436 476 Non
453 433 558 476 venae
572 413 680 477 redeat
694 414 828 497 sanguis
843 414 984 498 imagini,

404 513 519 583 Quam
533 513 625 596 virge
639 514 740 578 semel
754 513 890 595 horrida,

279 729 280 733 ’
362 710 436 775 Non
451 711 531 774 lenis
545 713 694 795 precibus
708 711 775 799 suta
789 712 961 794 recludere,

361 810 461 894 Nigro
475 811 663 894 compulerit
680 811 860 876 Mercurius
874 814 972 895 gregi.

361 910 508 974 nurum:
531 910 588 974 sed
602 911 708 974 levius
723 911 761 975 fit
774 911 936 994 patientie,

401 1008 573 1093 Quidquid
587 1011 741 1094 corrigere
755 1019 805 1074 cst
818 1010 919 1075 neser.

561 1567 741 1629 GARMEN
768 1567 868 1628 XXV.

323 1775 353 1862 †
549 1766 610 1808 An
647 1766 882 1810 Lumen.

355 1944 488 2008 Parcius
497 1946 629 2029 junctas
645 1944 798 2027 quatiunt
811 1942 966 2007 fenestras

355 2044 476 2108 Ictibus
490 2045 606 2108 crebris
615 2046 754 2129 juvenes
768 2043 913 2126 protervi,

355 2144 423 2207 Nec
438 2144 496 2207 tibi
509 2163 640 2207 somnos
654 2143 813 2222 adimunt,
828 2152 981 2224 amatque
1021 2195 1026 2203 .

437 2243 546 2306 Janua
560 2243 667 2322 limen,

353 2444 451 2513 Quae
466 2460 555 2524 pnus
570 2440 712 2504 multum
726 2440 830 2504 fecilir
844 2441 995 2505 movebat
1200 2445 1221 2505 5

354 2540 520 2605 Cardines.
562 2539 668 2603 Audis
683 2540 793 2605 minus
807 2550 839 2604 et
852 2541 962 2605 minus
971 2542 1061 2626 jein:

323 2648 341 2682 “
352 2642 407 2705 Mc
422 2650 478 2703 tuo
493 2638 607 2722 longas
621 2650 775 2723 pereunte
789 2650 908 2721 noctes,

435 2738 551 2823 Lydia,
566 2738 687 2802 dormis
697 2739 730 2803 i”
787 2765 792 2772 ·

352 2941 496 3005 Invicem
510 2940 661 3004 moechos
675 2958 760 3002 anus
775 2949 960 3022 arrogantes

353 3041 463 3106 Flebis
477 3040 510 3103 in
526 3039 594 3103 solo
607 3038 689 3102 levis
704 3038 883 3121 angiportu,
975 3031 981 3044 ’
1181 3040 1217 3105 10

352 3139 495 3204 Thracio
509 3138 689 3202 bacchante
704 3138 808 3219 magis
823 3138 885 3200 sub
899 3137 993 3201 inter·

436 3238 526 3301 lunia
540 3246 656 3299 vento:

352 3440 438 3501 Uum
453 3435 509 3498 tibi
524 3434 665 3517 flagrans
680 3454 779 3515 amor,
794 3443 827 3498 et
841 3434 948 3515 libido,

351 3537 449 3607 Quae
464 3532 544 3597 solet
557 3542 675 3597 matres
690 3532 807 3598 furiare
821 3553 987 3616 equorum,

336 3736 370 3786 15.
390 3732 465 3784 Num.
581 3733 610 3784 C.
623 3748 680 3784 xxv.
692 3734 717 3783 ss.
730 3734 840 3796 incubus.
954 3734 978 3783 5.
995 3729 1085 3781 facilee.
