2742 4250
455 221 506 271 nu
531 221 628 271 Auru
653 221 815 272 scurror.
1070 204 1140 274 295

167 383 238 446 Aut
252 380 375 446 flumen
390 380 544 444 Rhenum
559 389 617 463 aut
631 377 764 461 pluvius
777 377 966 444 describitur
980 390 1082 442 arcus.

164 481 231 546 Sed
247 499 337 544 nunc
351 500 417 543 non
431 488 499 542 erat
514 479 565 542 his
580 479 679 541 locus.
716 478 762 541 Et
776 477 909 542 sortasse
923 498 1113 562 cupressum

164 582 238 646 Scis
253 579 416 659 simulare,
432 578 511 661 quid
526 578 637 657 hoc,
612 597 640 640 sr
655 577 764 641 fractis
779 588 891 642 enatat
905 598 1022 662 exspes
1100 580 1141 642 20

164 682 327 761 Navibus,
343 699 416 744 aere
430 679 508 742 dato
523 699 580 762 qur
572 679 760 762 pingitur?
803 679 969 761 Amphora
983 680 1085 798 coepit

165 781 318 847 [nstituit
341 789 487 844 currente
502 791 570 841 rota
584 797 643 840 cur
658 797 775 841 urceus
789 779 884 842 exitl

164 882 317 963 Denique
332 879 373 942 sit
387 878 517 962 quidvis
532 877 671 960 simplex
685 876 849 942 duntaxat
861 888 894 941 et
909 898 1021 942 unum.

164 981 315 1047 Maxima
329 999 404 1062 pars
418 987 542 1057 vatum,
558 988 646 1060 pater
660 988 692 1040 et
701 979 840 1061 juvenes
855 988 945 1060 patre
959 977 1057 1061 digni,

164 1079 355 1162 Decipimur
369 1077 477 1160 specie
486 1076 574 1140 iacti.
617 1076 730 1140 Brevis
744 1095 814 1149 esse
828 1075 944 1156 laboro,
1098 1077 1140 1140 25
1201 1097 1203 1101 ·

163 1180 333 1244 Obscurus
348 1176 410 1258 fio;
433 1185 611 1240 sectantem
626 1175 711 1240 levia
725 1175 817 1239 nervi

163 1277 333 1342 Deficiunt
346 1275 532 1358 animique3
555 1274 717 1358 professus
731 1275 866 1357 grandia
881 1287 985 1359 turget
997 1299 1006 1359 ς

163 1378 271 1460 Serpit
284 1376 378 1439 humi
393 1385 482 1439 tutus
497 1375 636 1439 nimium
651 1374 849 1458 timidusque
863 1377 1028 1459 procellae.
1132 1400 1135 1405 ⁴

163 1478 235 1549 Qui
249 1477 373 1540 variare
387 1475 478 1558 cupit
490 1494 557 1538 rem
572 1473 789 1557 prodigialiter
802 1495 913 1557 unam,

166 1577 370 1660 Delphinum
385 1575 476 1639 silvis
490 1575 646 1658 appingit,
662 1573 816 1638 fluctibus
830 1596 955 1663 aprum
1096 1577 1139 1640 30

163 1676 203 1740 ln
216 1675 336 1739 vitium
350 1673 440 1738 ducit
454 1674 569 1759 culpae
583 1673 672 1756 fuga,
687 1674 715 1738 si
729 1685 817 1738 caret
830 1687 906 1740 arte.

162 1775 341 1840 Aemilium
354 1775 440 1838 circa
454 1773 569 1837 ludum
585 1773 682 1855 faber,
699 1795 791 1849 unus¹
800 1785 833 1837 et
847 1795 974 1856 ungnes

162 1875 335 1958 Exprimet
348 1885 379 1937 et
394 1874 507 1938 molles
522 1873 700 1954 imitabitur
713 1895 786 1937 aere
800 1874 942 1956 capillos,

162 1975 282 2040 Infelix
297 1973 399 2056 operis
413 1993 552 2053 summa,
567 1974 645 2056 quia
661 1993 776 2056 ponere
791 1983 895 2037 totum

164 2074 316 2139 Nesciet:
338 2075 427 2138 hunc
442 2093 502 2156 ego
517 2093 577 2153 me,
593 2073 620 2137 si
635 2073 715 2156 quid
729 2093 918 2157 componere
932 2072 1051 2156 curem,
1094 2074 1137 2139 35

163 2176 238 2240 Non
254 2195 308 2238 ma
331 2174 359 2237 is
373 2194 444 2237 esse
459 2172 565 2253 velim,
581 2194 682 2254 quam
696 2194 795 2257 pravo
810 2176 917 2238 vivere
932 2194 1013 2239 uaso

163 2194 385 2359 spectantium
400 2274 500 2357 nigris
515 2273 620 2335 oculis
635 2275 790 2356 nigroque
803 2275 930 2358 capillo.

162 2375 289 2440 Sumite
303 2374 471 2438 materiam
485 2372 607 2453 vestris,
623 2375 680 2456 qui
696 2374 840 2455 scribitis,
856 2392 997 2457 aequam

161 2476 300 2555 Viribus,
315 2485 348 2537 et
360 2478 486 2537 versate
501 2473 567 2554 diu,
583 2473 662 2555 quid
677 2473 757 2537 ferre
769 2485 925 2555 recusent,

161 2574 255 2645 Quid
269 2573 400 2638 valcant
413 2573 549 2637 humeri.
594 2574 657 2636 Cui
672 2573 755 2636 lecta
770 2584 913 2656 potenter
926 2575 984 2637 erit
999 2595 1057 2655 res,
1092 2575 1136 2637 m

162 2674 231 2739 Nec
245 2672 399 2737 facundia
414 2672 536 2736 deseret
550 2674 648 2752 hunc,
664 2692 725 2736 nec
740 2673 869 2756 lucidus
882 2674 968 2736 ordo.

162 2772 292 2837 Ordinis
306 2773 388 2836 haec
401 2772 504 2837 virtus
518 2773 576 2835 erit
590 2782 622 2835 ct
638 2772 756 2852 Venus,
772 2782 830 2835 aut
843 2793 902 2854 ego
917 2772 1017 2852 fallor,

162 2874 205 2937 Ut
215 2874 286 2957 jam
300 2891 389 2935 nunc
403 2870 490 2934 dicat
499 2873 569 2955 jam
583 2891 672 2935 nunc
687 2869 837 2935 debentia
851 2871 924 2951 dici,

162 2974 319 3055 Pleraque
334 2970 461 3034 differat
474 2982 506 3035 et
520 2991 670 3053 praesens
684 2971 719 3035 in
734 2981 861 3054 tempus
876 2972 1002 3035 omittat
1014 2994 1021 3054 3

162 3074 231 3140 Hoc
247 3082 342 3153 amet,
358 3071 419 3134 hoc
434 3080 565 3153 spernat
578 3071 726 3160 promissi
739 3071 893 3134 carminis
907 3082 1027 3136 auctor.
1092 3075 1133 3141 tt

162 3174 200 3237 ln
215 3171 321 3236 verbis
335 3171 434 3235 etiam
449 3170 556 3233 tenuis
570 3181 752 3254 cautusque
767 3171 918 3252 serendis,

163 3271 291 3337 Dixeris
305 3271 439 3355 egregie,
454 3282 569 3335 notum
585 3271 611 3333 si
626 3271 744 3334 callida
758 3274 895 3336 verbum

164 3370 348 3437 Reddiderit
358 3372 511 3455 junctura
526 3390 657 3434 novum.
702 3373 737 3436 Si
752 3370 831 3437 forte
847 3380 977 3437 necesse
991 3384 1039 3437 est

165 3471 293 3541 Iudiciis
308 3481 483 3535 monstrare
498 3472 678 3537 recentibus
693 3472 803 3535 abdita
817 3493 931 3553 rerum,
974 3482 977 3485 ’

315 3688 356 3739 2³.
373 3689 489 3749 quodvis.
556 3689 596 3739 32.
614 3670 682 3737 imus
749 3688 789 3738 42.
806 3688 870 3738 haud
881 3704 936 3751 ego.
