2742 4250
640 281 840 332 ommuni

403 438 515 503 Donec
529 439 645 503 virenti
657 439 793 503 canities
807 440 899 503 abest

402 538 539 602 Morosa.
583 538 680 603 Nunc
695 548 728 602 et
740 557 878 622 campus
892 549 924 600 et
938 557 1040 620 areae

442 637 614 720 lenesque
629 639 692 702 sub
706 648 835 700 noctem
849 638 972 700 susurri

486 737 671 819 Composita
685 747 869 820 repetantur
882 736 970 818 hora,

401 951 498 1018 Nunc
513 961 545 1015 et
559 951 688 1016 latentis
702 951 842 1035 proditer
856 951 970 1013 intimo

339 1117 344 1128 ,
400 1053 521 1117 Gratus
535 1052 662 1136 puellae
677 1051 762 1115 risus
776 1051 819 1114 ab
833 1050 963 1134 angulo,

441 1152 630 1235 Pignusque
645 1151 812 1234 dereptum
827 1150 961 1230 lacertis,

487 1252 553 1315 Aut
567 1252 666 1335 digito
681 1250 767 1314 male
781 1250 944 1332 pertinaci.

613 1836 795 1898 GARMEN
824 1837 863 1896 X.

547 2048 603 2093 An
635 2050 936 2093 MERCURIUM·

400 2240 547 2322 Mercuri,
563 2239 705 2304 facunde
719 2259 819 2323 nepos
832 2241 983 2321 Atlantis,

398 2341 470 2413 uui
484 2339 566 2405 feros
580 2339 689 2403 cultus
703 2340 875 2403 hominum
888 2350 1054 2403 recentum
1151 2332 1158 2343 ’

399 2442 485 2503 Voce
499 2438 643 2503 fonuasti
658 2449 760 2518 catus,
775 2449 807 2502 et
821 2439 955 2503 decorae

483 2540 572 2603 More
586 2538 773 2623 palaestrae,
837 2593 847 2602 ,

399 2753 451 2817 Τθ
465 2772 591 2833 canam,
607 2753 718 2837 magni
732 2754 823 2818 Jovis
837 2763 869 2819 ct
883 2752 1017 2815 deomm

398 2852 568 2933 Nuntium,
583 2872 767 2935 curvaeque
782 2851 872 2935 lyrae
886 2861 1059 2934 parentem,

398 2952 573 3034 Callidum,
588 2950 749 3035 quidquid
764 2951 894 3034 placuit,
904 2953 1014 3034 jocoso

483 3051 627 3116 Condere
642 3049 735 3114 furto.

398 3264 460 3343 Te,
478 3264 573 3325 boves
587 3263 666 3324 olnn
679 3262 742 3325 nisi
757 3261 949 3325 reddidisses

400 3364 460 3429 Per
474 3360 587 3426 dolum
601 3369 736 3440 amotas,
751 3380 889 3443 puerum
904 3361 1026 3424 minaci

401 3458 485 3527 Voce
499 3459 580 3523 dum
594 3468 696 3539 terret,
710 3458 831 3523 viduus
845 3459 994 3543 pharetra

483 3559 566 3625 Risit
580 3557 703 3640 Apelle.

341 3768 345 3775 ·
461 3757 490 3806 0.
502 3772 526 3806 x.
540 3761 560 3807 l.
580 3758 685 3806 Mercuri
696 3756 807 3813 facunde,
817 3771 892 3815 nepos
904 3754 1016 3805 Atlantis.

1234 2754 1253 2812 5
