2742 4250
429 271 539 322 LIBER
564 271 588 320 1.
640 272 669 322 0.
695 271 772 322 XIV.

219 433 329 512 Rixae,
345 431 414 493 sive
428 447 510 512 puer
521 427 630 493 furens

160 525 162 530 ’
257 529 423 613 Impressit
436 547 611 592 memorem
625 526 721 591 dente
736 527 833 591 labris
847 537 965 593 notam

218 630 297 710 Non,
313 630 342 692 si
357 649 410 692 me
425 628 503 691 satis
518 627 643 708 audias,

256 731 372 812 speres
386 735 584 811 perpetuum,
599 725 710 790 dulcia
723 727 856 790 barbare

217 827 547 906 Laedentemoseule,
562 845 647 908 quae
660 825 773 889 Venus
1069 828 1105 892 15

257 927 387 998 Quinte
400 936 489 1009 parte
503 925 555 988 sui
568 925 707 988 nectaris
722 925 848 988 imbuit„

197 1071 199 1076 -
218 1027 342 1091 Felices
356 1037 404 1089 ter
417 1034 450 1089 et
463 1024 612 1107 amplius,

257 1128 352 1196 Quos
367 1126 489 1207 irrupta
503 1133 590 1187 tenet
603 1123 729 1206 copula,
744 1143 805 1186 neo
819 1123 915 1186 malis

221 1226 376 1289 Divulsus
391 1223 607 1306 querimoniis,

137 1319 139 1328 ’
258 1326 417 1407 Suprema
431 1323 527 1385 citius
543 1322 648 1384 solvet
662 1341 752 1385 amor
765 1320 826 1386 die.
1065 1321 1106 1384 20

453 1819 633 1882 cunum
659 1818 759 1899 mu⁸¹

353 2004 419 2073 'An
453 2000 838 2044 REMPUBLICAM.

217 2167 247 2230 Ο
262 2166 364 2249 navis,
381 2164 516 2251 reserent
530 2164 564 2226 in
579 2184 666 2226 mare
681 2174 712 2226 te
726 2163 803 2226 novi
915 2176 917 2181 ·

218 2266 365 2329 Fluctus.
409 2263 438 2327 Ο
453 2262 533 2344 quid
547 2263 641 2345 ogisi
684 2262 821 2326 Fortiter
835 2282 958 2345 occupo

260 2365 403 2456 Portum.
447 2363 563 2446 Nonne
578 2361 677 2442 vides,
693 2371 731 2424 ut

301 2462 437 2561 Nugium
451 2463 583 2545 remigio
597 2462 692 2541 latus,

220 2662 265 2725 Et
279 2662 385 2725 malus
400 2661 495 2724 celeri
509 2661 640 2724 saueius
654 2659 763 2724 Africo

218 2762 452 2842 Antennaoque
466 2770 605 2843 gemant,
622 2780 660 2823 ao
675 2761 746 2823 sine
760 2759 895 2823 funibus

260 2860 324 2923 Vix
338 2859 454 2922 durare
468 2859 597 2922 carinae
852 2871 857 2881 “

300 2953 429 3015 Possint
444 2954 644 3035 imperiosius

219 3156 372 3237 Aequor?
415 3154 491 3219 Non
507 3156 563 3218 tibi
577 3166 655 3218 sunt
668 3156 793 3238 integra
807 3154 914 3237 linteo,

218 3254 292 3319 Non
306 3254 349 3335 di,
364 3274 446 3337 quos
461 3255 577 3318 iterum
591 3274 700 3337 pressa
715 3274 811 3317 voees
824 3256 920 3320 malo.
1069 3257 1104 3320 1ss

236 3410 240 3417 .
260 3356 425 3425 Quamvis
439 3354 573 3418 Pontica
586 3354 691 3436 pinus,

302 3455 413 3518 Silvae
427 3453 496 3517 filia
510 3454 634 3534 nobilis,

229 3654 265 3703 13.
283 3654 375 3704 audies.
475 3652 504 3705 G.
516 3656 565 3705 xiv.
579 3657 600 3705 1.
618 3653 729 3705 refenmt,
829 3655 853 3703 6.
870 3664 968 3717 gemam

527 3736 552 3786 fl.
569 3741 674 3797 pomoni
