2742 4250
617 277 817 329 emmor

575 518 756 595 GARhsslN
783 531 873 593 xlx

536 716 590 758 AD
626 716 914 761 receptioni«

341 881 516 950 Quantum
531 877 626 939 distet
641 877 682 939 ab
697 876 820 940 Inacho

384 976 518 1056 Codrus,
533 996 589 1059 pro
604 976 708 1058 patria
722 995 789 1039 non
803 973 937 1038 timidus
951 975 1041 1057 mori,

342 1076 470 1157 Narras,
486 1084 518 1139 et
532 1095 635 1159 genus
650 1075 749 1138 Aeaci

384 1175 430 1238 Et
443 1159 589 1259 pugnata
604 1192 695 1237 sacro
709 1172 794 1236 bella
808 1173 871 1237 sub
884 1173 962 1236 llio:

341 1276 420 1344 Quo
434 1274 556 1337 Chium
570 1272 670 1356 pretio
684 1270 805 1335 cadum
1214 1277 1233 1337 5

384 1372 573 1451 Mercernur‚
589 1372 663 1453 quis
677 1390 799 1453 aquarn
815 1380 967 1454 temperet
982 1370 1119 1453 igmhus,

342 1473 420 1541 Quo
435 1471 605 1553 praebente
619 1468 755 1533 domum
768 1478 800 1532 et
814 1480 914 1552 quota

384 1569 527 1653 Pelignis
541 1589 670 1632 caream
683 1568 860 1651 frigoribus,
877 1579 973 1633 taces.

345 1671 399 1733 Da
412 1669 527 1732 Lunae
542 1687 671 1751 propere
685 1687 800 1749 novae,

385 1769 439 1832 Da
453 1767 564 1831 Noctis
579 1766 713 1847 mediae,
728 1766 780 1848 da,
794 1787 882 1851 puer,
898 1766 1032 1851 auguris

345 1868 520 1931 Murenae:
543 1867 644 1930 tribus
659 1875 717 1930 aut
731 1887 849 1931 novem

385 1966 563 2030 Miscentur
576 1966 705 2049 cyathis
718 1966 835 2049 pocula
848 1966 1035 2030 commodis.

345 2066 416 2137 Qui
430 2066 544 2130 Musas
558 2074 648 2130 amat
661 2065 810 2149 impares,

386 2166 513 2229 Temos
528 2175 575 2232 ter
588 2166 725 2249 cyathos
739 2166 894 2230 attonitus
909 2177 994 2250 petet

346 2263 462 2329 Vates:
485 2274 548 2328 tres
562 2265 709 2348 prohibet
723 2285 822 2348 supra

386 2365 547 2428 Rixarum
560 2373 709 2428 metuens
723 2375 854 2448 tangere
869 2365 981 2428 Gratia

346 2463 452 2528 Nudis
462 2464 576 2548 juncta
591 2465 759 2529 sororibus.

386 2563 532 2626 Insanire
541 2564 657 2648 juvat:
679 2584 738 2628 cur
751 2563 961 2647 Berecyntiae

347 2663 484 2730 Cessant
498 2661 634 2729 flamina
648 2663 768 2728 tibiae?

387 2763 455 2827 Gur
468 2761 586 2845 pendet
600 2763 699 2826 tacita
713 2762 824 2826 fistula
838 2782 915 2825 curn
929 2762 1024 2845 lyr-al

347 2860 519 2924 Parcentes
533 2881 594 2944 ego
608 2861 758 2926 dexteras

387 2959 472 3024 Odi:
494 2981 607 3044 sparge
622 2980 732 3024 rosas:
755 2960 867 3023 audiat
881 2959 1013 3024 invidus

347 3060 540 3124 Dementem
555 3060 723 3144 strepitum
736 3061 849 3143 Lycus

386 3159 432 3222 Et
445 3159 553 3223 vicina
567 3160 636 3224 seni
650 3179 718 3224 non
731 3161 849 3225 habilis
863 3160 963 3242 Lyco.

346 3257 460 3340 Spissa
474 3268 506 3321 te
519 3258 661 3322 nitidum
675 3278 780 3340 coma,

388 3357 473 3420 Puro
489 3366 519 3420 te
535 3357 682 3438 similem,
699 3359 852 3443 Telephe,
869 3358 1018 3441 Vespero,

346 3457 557 3538 'l'empestiva
570 3456 649 3540 petit
662 3457 797 3523 Rhode:

385 3556 442 3623 Me
457 3556 563 3621 lentus
579 3557 735 3640 Glycerae
750 3568 844 3621 tonet
859 3577 949 3620 amor
962 3575 1062 3622 meae.

450 3755 478 3804 ll.
491 3757 540 3805 xlx.
555 3760 575 3805 l.
594 3757 676 3807 dietat,
807 3756 844 3806 12.
865 3756 1006 3805 Miscentor.
