2742 4250
476 256 595 307 amaa
645 256 676 307 o.
702 256 741 307 11.
1046 239 1114 309 ltu

228 414 325 485 Quod
338 414 367 477 si
381 413 503 496 pudica
516 414 634 477 mulier
647 414 681 477 in
696 424 821 497 partem
830 415 924 499 juvet

266 515 413 578 Domum
426 522 525 596 atque
539 513 652 577 dulces
667 514 792 595 liberos,
1073 514 1115 579 lo

228 614 346 678 Sabina
359 613 467 696 qualis
481 624 540 677 aut
553 624 683 697 pemsta
698 614 821 678 solibus

268 713 411 777 Pemicis
425 732 509 777 uxor
521 713 631 797 Apuli,

228 814 362 877 Sacrum
376 813 515 877 vetustis
528 822 675 876 exstruat
690 812 786 895 lignis
802 811 921 893 focum,

267 913 362 977 Lassi
377 913 440 976 sub
453 910 633 975 adventum
646 912 716 993 viri,

229 1011 458 1094 claudensque
472 1012 571 1075 textis
584 1012 727 1075 cratibus
742 1010 864 1075 laetum
878 1031 985 1095 pecus,
1078 1008 1119 1075 ¹15

269 1113 420 1175 Distento
435 1111 533 1175 siccat
547 1111 655 1192 ubera,

231 1212 274 1274 Et
287 1213 391 1275 horna
405 1211 494 1274 dulci
508 1212 587 1275 rina
600 1231 750 1294 promens
767 1211 861 1290 dolia,

270 1312 380 1395 Dapes
394 1311 554 1394 inemptas
568 1319 718 1394 apparet:

232 1409 304 1473 Non
319 1428 372 1473 me
387 1410 532 1475 Lucrina
540 1410 685 1493 Juverint
698 1409 871 1493 conchylia

271 1509 420 1591 Magisve
433 1509 590 1572 rhombus
603 1519 662 1571 aut
676 1508 768 1589 scari,
1080 1508 1121 1571 50

232 1608 267 1671 Si
281 1628 363 1690 quos
377 1607 444 1671 eois
458 1608 605 1670 intonata
619 1606 773 1672 fluctibus

271 1708 387 1770 Hiems
401 1705 444 1770 ad
459 1708 520 1770 hoc
534 1716 638 1769 vertat
652 1726 761 1788 mare;

232 1806 304 1869 Non
318 1806 398 1870 Afra
412 1806 484 1869 avis
498 1805 674 1869 descendat
689 1806 723 1869 in
738 1815 885 1868 ventrem
899 1823 1020 1885 meum,

272 1906 347 1969 Non
362 1915 493 1989 attagen
508 1906 637 1969 Ionicus

232 2006 417 2085 Jucundior,
432 2005 631 2089 quamlecta
646 2004 687 2067 de
702 2002 924 2087 pinguissimis
1080 2004 1121 2066 55
1201 2020 1206 2027 ·

274 2106 371 2170 Oliva
385 2106 483 2170 ramis
497 2106 656 2187 arborum,

231 2206 298 2269 Aut
313 2206 413 2270 herba
427 2207 552 2290 lapathi
566 2217 659 2289 prata
673 2205 814 2269 amantis
829 2215 862 2268 et
876 2203 968 2290 gravi

274 2307 404 2370 Malvae
419 2306 564 2369 salubres
578 2306 708 2388 corpori,

234 2405 290 2468 Vel
306 2426 392 2488 agna
406 2405 495 2469 festis
509 2426 605 2469 caesa
620 2405 872 2486 Terminalibus,

276 2504 332 2568 Vel
346 2505 471 2568 haedus
485 2515 612 2588 ereptus
627 2505 713 2588 lupo.
1081 2502 1123 2565 60

235 2604 303 2667 Has
319 2604 399 2668 inter
413 2605 529 2689 epulas
543 2614 581 2668 ut
590 2605 685 2689 juvat
699 2614 809 2687 pastas
824 2623 900 2666 oves

277 2703 388 2768 Videre
402 2713 611 2788 properantes
621 2703 764 2785 domum,

235 2803 348 2867 Videre
362 2803 464 2866 fessos
478 2824 642 2867 vomerem
656 2805 822 2868 inversum
836 2803 935 2866 boves

274 2903 366 2966 Collo
381 2905 543 2967 trahentes
559 2903 722 2986 languido,

232 3003 422 3085 Positosque
437 3023 563 3083 vernas,
579 3002 654 3066 ditis
668 3022 807 3066 examen
823 2999 949 3082 domus,
1081 3000 1124 3064 65

275 3103 407 3167 Circum
421 3103 603 3166 renidentes
617 3103 737 3166 Lares!

233 3202 324 3265 Haec
339 3202 395 3265 ubi
410 3201 538 3265 locutus
552 3202 730 3265 foenerator
744 3200 891 3283 Alphius,

274 3302 349 3365 Jem
359 3302 430 3385 jam
444 3301 573 3364 futurus
588 3301 737 3379 rusticus,

235 3402 376 3465 Omnem
391 3399 514 3485 redegit
528 3400 640 3465 Idibus
654 3400 836 3482 pecuniam,

275 3501 413 3572 Quaerit
428 3500 581 3564 Calendis
596 3517 721 3583 ponere.

242 3703 283 3752 ta.
302 3702 403 3751 Sacrum
415 3713 439 3750 et
451 3703 558 3750 vetustis.
625 3702 664 3750 54.
685 3698 773 3748 Ionius
845 3699 883 3749 69.
902 3696 994 3760 relegit.
