2742 4250
615 271 813 321 cruuntur!

554 554 734 616 GARMEN
761 553 880 614 xm

517 753 572 796 An
609 751 920 794 APOLLINEM·

359 942 452 1014 Quid
466 941 651 1006 dedicatum
666 942 768 1024 poscit
785 941 964 1023 Apollinem

359 1041 481 1106 Vates?
503 1039 583 1124 quid
598 1051 673 1121 orat,
690 1040 730 1103 de
745 1051 855 1123 patera
869 1058 992 1103 novum

403 1139 559 1203 Fundens
574 1139 754 1221 liquorem?
798 1139 871 1203 Non
886 1139 1012 1222 opimae

444 1237 612 1302 Sardiniae
628 1248 751 1320 segetes
766 1237 905 1315 feraces;

362 1434 435 1499 Non
450 1443 618 1497 aestuosae
633 1444 724 1516 grata
739 1433 907 1497 Calabriae
1207 1435 1233 1496 5

362 1532 517 1595 Armenta
532 1552 540 1613 3
557 1551 621 1594 non
636 1551 754 1594 aurum
768 1542 826 1595 aut
839 1533 918 1595 ebur
931 1531 1100 1595 Indicum:

404 1630 478 1694 Non
493 1649 575 1709 rura,
591 1649 676 1711 quae
692 1629 775 1692 Liris
789 1630 898 1712 quieta

446 1727 571 1791 Mordet
584 1747 679 1810 aqua,
695 1728 874 1790 taciturnus
889 1723 1003 1792 amnis.

366 1927 515 1990 Premant
529 1924 651 1990 Calena
666 1925 749 1989 falce
765 1926 883 2008 quibus
897 1926 984 1989 dedit

367 2026 509 2088 Fortuna
523 2025 641 2088 vitem:
664 2024 754 2086 dives
769 2035 800 2086 et
815 2026 919 2087 aureis

407 2125 564 2188 Mercator
578 2125 719 2187 exsiccet
732 2123 863 2186 culullis

448 2224 532 2285 Vina
547 2223 630 2304 Syra
645 2233 790 2304 reparata
804 2242 916 2303 merce,

365 2421 429 2485 Dis
443 2439 538 2483 carus
552 2420 647 2502 ipsis:
670 2423 790 2503 quippe
803 2432 850 2484 ter
863 2432 895 2483 et
908 2432 1024 2503 quater·

365 2519 461 2582 Anno
475 2519 616 2581 revisens
631 2540 751 2602 aequor
764 2521 965 2583 Atlanticum

406 2618 552 2698 Impune.
596 2618 651 2681 Me
665 2630 803 2701 pascunt
817 2619 930 2697 olivae,

448 2716 502 2778 Me
516 2716 672 2797 cichorea,
689 2718 839 2801 levesque
854 2717 991 2781 malvae.

365 2912 444 2975 Frui
459 2914 577 2997 paratis
592 2927 623 2979 et
637 2916 746 2981 valido
760 2916 848 2995 mihi,

364 3010 471 3092 Latoe,
486 3012 586 3092 dones
602 3024 641 3095 et,
657 3035 773 3097 precor,
789 3015 912 3097 integra

407 3110 492 3173 Cum
507 3123 622 3192 mente,
638 3132 697 3176 nec
713 3125 838 3197 turpem
851 3127 1015 3177 senectam

450 3208 574 3290 Degere
588 3229 648 3275 nec
662 3212 786 3274 cithara
799 3223 970 3277 carentem.
1080 3215 1095 3252 '³
1188 3214 1230 3277 20

230 3403 232 3407 ’
284 3405 312 3456 0.
324 3407 389 3455 xxxi.
401 3404 425 3455 3.
444 3406 662 3467 opimas-feracis.
729 3412 752 3461 9.
771 3410 1009 3478 οα1εηιιω,ἄιοοπ]’,
1078 3413 1115 3462 10.
1134 3421 1166 3462 ut.

483 3490 521 3538 15.
538 3498 647 3551 pescant.
816 3492 854 3542 18.
872 3502 898 3541 at
907 3508 916 3553 ς
931 3508 968 3542 ac.
