<?xml version="1.0" encoding="UTF-8"?>
<!DOCTYPE html PUBLIC "-//W3C//DTD XHTML 1.0 Transitional//EN"
    "http://www.w3.org/TR/xhtml1/DTD/xhtml1-transitional.dtd">
<html xmlns="http://www.w3.org/1999/xhtml" xml:lang="en" lang="en">
 <head>
  <title>
</title>
<meta http-equiv="Content-Type" content="text/html;charset=utf-8" />
  <meta name='ocr-system' content='tesseract 3.04.00' />
  <meta name='ocr-capabilities' content='ocr_page ocr_carea ocr_par ocr_line ocrx_word'/>
</head>
<body>
  <div class='ocr_page' id='page_1' title='image "./workshoracewith01lincgoog_0239.png"; bbox 0 0 2742 4250; ppageno 0'>
   <div class='ocr_carea' id='block_1_1' title="bbox 497 266 1155 333">
    <p class='ocr_par' dir='ltr' id='par_1_1' title="bbox 497 266 1155 333">
     <span class='ocr_line' id='line_1_1' title="bbox 497 266 1155 333; baseline -0.003 0"><span class='ocrx_word' id='word_1_1' title='bbox 497 284 609 333; x_wconf 70' lang='lat' dir='ltr'><strong>omns</strong></span> <span class='ocrx_word' id='word_1_2' title='bbox 632 284 657 333; x_wconf 92' lang='lat'><strong>1.</strong></span> <span class='ocrx_word' id='word_1_3' title='bbox 707 284 738 333; x_wconf 88' lang='lat' dir='ltr'><strong>s.</strong></span> <span class='ocrx_word' id='word_1_4' title='bbox 762 282 812 333; x_wconf 71' lang='grc' dir='ltr'><strong>η</strong></span> <span class='ocrx_word' id='word_1_5' title='bbox 1085 266 1155 333; x_wconf 76' lang='lat'><strong>193</strong></span> 
     </span>
    </p>
   </div>
   <div class='ocr_carea' id='block_1_2' title="bbox 142 439 1169 2412">
    <p class='ocr_par' dir='ltr' id='par_1_2' title="bbox 143 439 958 525">
     <span class='ocr_line' id='line_1_2' title="bbox 143 439 958 525; baseline -0.009 -16"><span class='ocrx_word' id='word_1_6' title='bbox 143 450 253 510; x_wconf 81' lang='lat' dir='ltr'><strong>Causa</strong></span> <span class='ocrx_word' id='word_1_7' title='bbox 267 442 330 507; x_wconf 82' lang='lat' dir='ltr'><strong>fuit</strong></span> <span class='ocrx_word' id='word_1_8' title='bbox 343 453 434 525; x_wconf 76' lang='lat' dir='ltr'><strong>poter</strong></span> <span class='ocrx_word' id='word_1_9' title='bbox 447 442 507 521; x_wconf 84' lang='lat' dir='ltr'><strong>his,</strong></span> <span class='ocrx_word' id='word_1_10' title='bbox 521 441 580 522; x_wconf 93' lang='lat' dir='ltr'><strong>qui</strong></span> <span class='ocrx_word' id='word_1_11' title='bbox 594 460 704 503; x_wconf 83' lang='lat' dir='ltr'><strong>macro</strong></span> <span class='ocrx_word' id='word_1_12' title='bbox 718 460 840 525; x_wconf 83' lang='lat' dir='ltr'>pauper</span> <span class='ocrx_word' id='word_1_13' title='bbox 853 439 958 522; x_wconf 77' lang='lat' dir='ltr'><strong>agello</strong></span> 
     </span>
    </p>

    <p class='ocr_par' dir='ltr' id='par_1_3' title="bbox 143 540 890 623">
     <span class='ocr_line' id='line_1_3' title="bbox 143 540 890 623; baseline -0.011 -13"><span class='ocrx_word' id='word_1_14' title='bbox 143 546 255 611; x_wconf 84' lang='lat' dir='ltr'><strong>Noluit</strong></span> <span class='ocrx_word' id='word_1_15' title='bbox 269 546 305 606; x_wconf 91' lang='lat' dir='ltr'><strong>in</strong></span> <span class='ocrx_word' id='word_1_16' title='bbox 320 543 418 607; x_wconf 81' lang='lat' dir='ltr'><strong>Flavi</strong></span> <span class='ocrx_word' id='word_1_17' title='bbox 431 540 547 604; x_wconf 91' lang='lat' dir='ltr'><strong>ludum</strong></span> <span class='ocrx_word' id='word_1_18' title='bbox 562 560 614 603; x_wconf 87' lang='lat' dir='ltr'><strong>me</strong></span> <span class='ocrx_word' id='word_1_19' title='bbox 629 541 761 620; x_wconf 86' lang='lat' dir='ltr'><strong>mittere,</strong></span> <span class='ocrx_word' id='word_1_20' title='bbox 777 540 890 623; x_wconf 82' lang='lat' dir='ltr'><strong>magni</strong></span> 
     </span>
    </p>

    <p class='ocr_par' dir='ltr' id='par_1_4' title="bbox 142 640 842 727">
     <span class='ocr_line' id='line_1_4' title="bbox 142 640 842 727; baseline -0.011 -18"><span class='ocrx_word' id='word_1_21' title='bbox 142 648 222 717; x_wconf 79' lang='lat' dir='ltr'><strong>Quo</strong></span> <span class='ocrx_word' id='word_1_22' title='bbox 236 644 330 727; x_wconf 86' lang='lat' dir='ltr'><strong>pueri</strong></span> <span class='ocrx_word' id='word_1_23' title='bbox 344 642 472 722; x_wconf 82' lang='lat' dir='ltr'><strong>magnis</strong></span> <span class='ocrx_word' id='word_1_24' title='bbox 486 660 505 702; x_wconf 92' lang='lat' dir='ltr'><strong>e</strong></span> <span class='ocrx_word' id='word_1_25' title='bbox 518 640 760 703; x_wconf 81' lang='lat' dir='ltr'><strong>centurionibus</strong></span> <span class='ocrx_word' id='word_1_26' title='bbox 774 641 842 720; x_wconf 88' lang='lat' dir='ltr'><strong>orti,</strong></span> 
     </span>
    </p>

    <p class='ocr_par' dir='ltr' id='par_1_5' title="bbox 145 739 924 824">
     <span class='ocr_line' id='line_1_5' title="bbox 145 739 924 824; baseline -0.009 -16"><span class='ocrx_word' id='word_1_27' title='bbox 145 747 256 809; x_wconf 79' lang='lat' dir='ltr'><strong>[nevo</strong></span> <span class='ocrx_word' id='word_1_28' title='bbox 270 742 419 824; x_wconf 83' lang='lat' dir='ltr'><strong>suspensi</strong></span> <span class='ocrx_word' id='word_1_29' title='bbox 434 739 557 802; x_wconf 84' lang='lat' dir='ltr'><strong>loculos</strong></span> <span class='ocrx_word' id='word_1_30' title='bbox 571 739 782 821; x_wconf 77' lang='lat' dir='ltr'><strong>tabulamque</strong></span> <span class='ocrx_word' id='word_1_31' title='bbox 799 740 924 820; x_wconf 84' lang='lat' dir='ltr'><strong>lacerto,</strong></span> 
     </span>
    </p>

    <p class='ocr_par' dir='ltr' id='par_1_6' title="bbox 143 838 1163 1024">
     <span class='ocr_line' id='line_1_6' title="bbox 144 838 1163 919; baseline -0.008 -12"><span class='ocrx_word' id='word_1_32' title='bbox 144 846 242 907; x_wconf 87' lang='lat' dir='ltr'><strong>Ibant</strong></span> <span class='ocrx_word' id='word_1_33' title='bbox 255 842 381 903; x_wconf 84' lang='lat' dir='ltr'><strong>octonis</strong></span> <span class='ocrx_word' id='word_1_34' title='bbox 395 838 565 902; x_wconf 82' lang='lat' dir='ltr'><strong>referentes</strong></span> <span class='ocrx_word' id='word_1_35' title='bbox 580 838 695 902; x_wconf 91' lang='lat' dir='ltr'><strong>ldibus</strong></span> <span class='ocrx_word' id='word_1_36' title='bbox 710 858 784 901; x_wconf 81' lang='lat' dir='ltr'><strong>aera</strong></span> <span class='ocrx_word' id='word_1_37' title='bbox 797 858 805 919; x_wconf 83' lang='lat'>3</span> <span class='ocrx_word' id='word_1_38' title='bbox 1123 840 1163 905; x_wconf 72' lang='lat'><strong>75</strong></span> 
     </span>
     <span class='ocr_line' id='line_1_7' title="bbox 143 936 1038 1024; baseline -0.007 -17"><span class='ocrx_word' id='word_1_39' title='bbox 143 942 211 1007; x_wconf 85' lang='lat' dir='ltr'><strong>Sed</strong></span> <span class='ocrx_word' id='word_1_40' title='bbox 226 960 367 1024; x_wconf 89' lang='lat' dir='ltr'><strong>puemm</strong></span> <span class='ocrx_word' id='word_1_41' title='bbox 380 948 430 1001; x_wconf 88' lang='lat' dir='ltr'><strong>est</strong></span> <span class='ocrx_word' id='word_1_42' title='bbox 444 957 546 1001; x_wconf 82' lang='lat' dir='ltr'><strong>ausus</strong></span> <span class='ocrx_word' id='word_1_43' title='bbox 559 938 701 1000; x_wconf 86' lang='lat' dir='ltr'><strong>Romam</strong></span> <span class='ocrx_word' id='word_1_44' title='bbox 716 948 839 1019; x_wconf 82' lang='lat' dir='ltr'><strong>portare</strong></span> <span class='ocrx_word' id='word_1_45' title='bbox 855 936 1038 1001; x_wconf 85' lang='lat' dir='ltr'><strong>docendum</strong></span> 
     </span>
    </p>

    <p class='ocr_par' dir='ltr' id='par_1_7' title="bbox 145 1036 967 1122">
     <span class='ocr_line' id='line_1_8' title="bbox 145 1036 967 1122; baseline -0.006 -18"><span class='ocrx_word' id='word_1_46' title='bbox 145 1044 248 1120; x_wconf 85' lang='lat' dir='ltr'><strong>Artes,</strong></span> <span class='ocrx_word' id='word_1_47' title='bbox 263 1059 347 1122; x_wconf 86' lang='lat' dir='ltr'><strong>quas</strong></span> <span class='ocrx_word' id='word_1_48' title='bbox 362 1038 477 1100; x_wconf 85' lang='lat' dir='ltr'><strong>doceat</strong></span> <span class='ocrx_word' id='word_1_49' title='bbox 490 1036 599 1117; x_wconf 86' lang='lat' dir='ltr'><strong>quivis</strong></span> <span class='ocrx_word' id='word_1_50' title='bbox 612 1056 712 1118; x_wconf 81' lang='lat' dir='ltr'><strong>eques</strong></span> <span class='ocrx_word' id='word_1_51' title='bbox 727 1047 823 1118; x_wconf 84' lang='lat' dir='ltr'><strong>atque</strong></span> <span class='ocrx_word' id='word_1_52' title='bbox 839 1046 967 1099; x_wconf 78' lang='lat' dir='ltr'><strong>senator</strong></span> 
     </span>
    </p>

    <p class='ocr_par' dir='ltr' id='par_1_8' title="bbox 145 1135 1006 1220">
     <span class='ocr_line' id='line_1_9' title="bbox 145 1135 1006 1220; baseline -0.009 -15"><span class='ocrx_word' id='word_1_53' title='bbox 145 1142 256 1205; x_wconf 88' lang='lat' dir='ltr'><strong>Semet</strong></span> <span class='ocrx_word' id='word_1_54' title='bbox 270 1146 451 1220; x_wconf 85' lang='lat' dir='ltr'><strong>prognatos.</strong></span> <span class='ocrx_word' id='word_1_55' title='bbox 494 1135 625 1199; x_wconf 79' lang='lat' dir='ltr'><strong>Vestem</strong></span> <span class='ocrx_word' id='word_1_56' title='bbox 639 1154 812 1217; x_wconf 85' lang='lat' dir='ltr'><strong>servosque</strong></span> <span class='ocrx_word' id='word_1_57' title='bbox 828 1146 1006 1217; x_wconf 79' lang='lat' dir='ltr'><strong>sequentes,</strong></span> 
     </span>
    </p>

    <p class='ocr_par' dir='ltr' id='par_1_9' title="bbox 146 1234 892 1320">
     <span class='ocr_line' id='line_1_10' title="bbox 146 1234 892 1320; baseline -0.008 -18"><span class='ocrx_word' id='word_1_58' title='bbox 146 1240 185 1303; x_wconf 91' lang='lat' dir='ltr'><strong>ln</strong></span> <span class='ocrx_word' id='word_1_59' title='bbox 200 1256 322 1320; x_wconf 85' lang='lat' dir='ltr'><strong>magno</strong></span> <span class='ocrx_word' id='word_1_60' title='bbox 336 1248 373 1300; x_wconf 88' lang='lat' dir='ltr'><strong>ut</strong></span> <span class='ocrx_word' id='word_1_61' title='bbox 387 1235 522 1319; x_wconf 63' lang='lat' dir='ltr'><strong>populo}</strong></span> <span class='ocrx_word' id='word_1_62' title='bbox 530 1235 559 1297; x_wconf 90' lang='lat' dir='ltr'><strong>si</strong></span> <span class='ocrx_word' id='word_1_63' title='bbox 573 1234 631 1316; x_wconf 92' lang='lat' dir='ltr'><strong>qui</strong></span> <span class='ocrx_word' id='word_1_64' title='bbox 644 1234 787 1313; x_wconf 82' lang='lat' dir='ltr'><strong>vidisset,</strong></span> <span class='ocrx_word' id='word_1_65' title='bbox 803 1235 892 1297; x_wconf 81' lang='lat' dir='ltr'><strong>avita</strong></span> 
     </span>
    </p>

    <p class='ocr_par' dir='ltr' id='par_1_10' title="bbox 147 1334 1167 1521">
     <span class='ocr_line' id='line_1_11' title="bbox 147 1334 1167 1418; baseline -0.006 -17"><span class='ocrx_word' id='word_1_66' title='bbox 147 1340 201 1401; x_wconf 83' lang='lat' dir='ltr'><strong>Ex</strong></span> <span class='ocrx_word' id='word_1_67' title='bbox 216 1357 251 1400; x_wconf 88' lang='lat' dir='ltr'><strong>re</strong></span> <span class='ocrx_word' id='word_1_68' title='bbox 265 1336 408 1418; x_wconf 86' lang='lat' dir='ltr'><strong>praeberi</strong></span> <span class='ocrx_word' id='word_1_69' title='bbox 423 1345 573 1418; x_wconf 87' lang='lat' dir='ltr'><strong>sumptus</strong></span> <span class='ocrx_word' id='word_1_70' title='bbox 587 1334 669 1396; x_wconf 92' lang='lat' dir='ltr'><strong>mihi</strong></span> <span class='ocrx_word' id='word_1_71' title='bbox 683 1334 824 1397; x_wconf 86' lang='lat' dir='ltr'><strong>crederet</strong></span> <span class='ocrx_word' id='word_1_72' title='bbox 839 1334 918 1397; x_wconf 90' lang='lat' dir='ltr'><strong>illos.</strong></span> <span class='ocrx_word' id='word_1_73' title='bbox 1125 1337 1167 1401; x_wconf 76' lang='lat' dir='ltr'><strong>eb</strong></span> 
     </span>
     <span class='ocr_line' id='line_1_12' title="bbox 147 1434 874 1521; baseline -0.008 -19"><span class='ocrx_word' id='word_1_74' title='bbox 147 1440 221 1521; x_wconf 86' lang='lat' dir='ltr'><strong>lpse</strong></span> <span class='ocrx_word' id='word_1_75' title='bbox 236 1436 318 1499; x_wconf 89' lang='lat' dir='ltr'><strong>mihi</strong></span> <span class='ocrx_word' id='word_1_76' title='bbox 332 1447 440 1497; x_wconf 85' lang='lat' dir='ltr'><strong>custos</strong></span> <span class='ocrx_word' id='word_1_77' title='bbox 454 1434 748 1516; x_wconf 85' lang='lat' dir='ltr'><strong>ineormptissimus</strong></span> <span class='ocrx_word' id='word_1_78' title='bbox 762 1452 874 1497; x_wconf 89' lang='lat' dir='ltr'><strong>omues</strong></span> 
     </span>
    </p>

    <p class='ocr_par' dir='ltr' id='par_1_11' title="bbox 148 1534 1044 1617">
     <span class='ocr_line' id='line_1_13' title="bbox 148 1534 1044 1617; baseline -0.004 -16"><span class='ocrx_word' id='word_1_79' title='bbox 148 1540 283 1601; x_wconf 83' lang='lat' dir='ltr'><strong>Circum</strong></span> <span class='ocrx_word' id='word_1_80' title='bbox 297 1536 444 1598; x_wconf 84' lang='lat' dir='ltr'><strong>doctores</strong></span> <span class='ocrx_word' id='word_1_81' title='bbox 457 1534 578 1597; x_wconf 83' lang='lat' dir='ltr'><strong>ederat.</strong></span> <span class='ocrx_word' id='word_1_82' title='bbox 621 1534 714 1603; x_wconf 77' lang='lat' dir='ltr'><strong>Quid</strong></span> <span class='ocrx_word' id='word_1_83' title='bbox 729 1534 856 1597; x_wconf 76' lang='lat' dir='ltr'><strong>multe?</strong></span> <span class='ocrx_word' id='word_1_84' title='bbox 879 1534 1044 1617; x_wconf 85' lang='lat' dir='ltr'><strong>pudicum,</strong></span> 
     </span>
    </p>

    <p class='ocr_par' dir='ltr' id='par_1_12' title="bbox 149 1634 932 1719">
     <span class='ocr_line' id='line_1_14' title="bbox 149 1634 932 1719; baseline -0.004 -19"><span class='ocrx_word' id='word_1_85' title='bbox 149 1638 220 1708; x_wconf 76' lang='lat' dir='ltr'><strong>Qui</strong></span> <span class='ocrx_word' id='word_1_86' title='bbox 234 1637 357 1719; x_wconf 89' lang='lat' dir='ltr'><strong>primus</strong></span> <span class='ocrx_word' id='word_1_87' title='bbox 372 1635 500 1698; x_wconf 84' lang='lat' dir='ltr'><strong>virtutis</strong></span> <span class='ocrx_word' id='word_1_88' title='bbox 514 1634 617 1696; x_wconf 86' lang='lat' dir='ltr'><strong>honos</strong></span> <span class='ocrx_word' id='word_1_89' title='bbox 631 1634 772 1695; x_wconf 83' lang='lat' dir='ltr'><strong>servavit</strong></span> <span class='ocrx_word' id='word_1_90' title='bbox 787 1634 829 1695; x_wconf 84' lang='lat' dir='ltr'><strong>eb</strong></span> <span class='ocrx_word' id='word_1_91' title='bbox 844 1634 932 1697; x_wconf 87' lang='lat' dir='ltr'><strong>omni</strong></span> 
     </span>
    </p>

    <p class='ocr_par' dir='ltr' id='par_1_13' title="bbox 150 1733 1024 1815">
     <span class='ocr_line' id='line_1_15' title="bbox 150 1733 1024 1815; baseline -0.005 -16"><span class='ocrx_word' id='word_1_92' title='bbox 150 1737 224 1801; x_wconf 94' lang='lat' dir='ltr'><strong>Non</strong></span> <span class='ocrx_word' id='word_1_93' title='bbox 239 1735 346 1797; x_wconf 89' lang='lat' dir='ltr'><strong>solum</strong></span> <span class='ocrx_word' id='word_1_94' title='bbox 360 1734 453 1815; x_wconf 79' lang='lat' dir='ltr'><strong>laeto,</strong></span> <span class='ocrx_word' id='word_1_95' title='bbox 468 1752 583 1795; x_wconf 87' lang='lat' dir='ltr'><strong>verum</strong></span> <span class='ocrx_word' id='word_1_96' title='bbox 597 1733 763 1814; x_wconf 88' lang='lat' dir='ltr'><strong>opprobrio</strong></span> <span class='ocrx_word' id='word_1_97' title='bbox 777 1751 906 1813; x_wconf 90' lang='lat' dir='ltr'><strong>quoque</strong></span> <span class='ocrx_word' id='word_1_98' title='bbox 923 1734 1024 1815; x_wconf 82' lang='lat' dir='ltr'><strong>turpi3</strong></span> 
     </span>
    </p>

    <p class='ocr_par' dir='ltr' id='par_1_14' title="bbox 149 1832 1167 2215">
     <span class='ocr_line' id='line_1_16' title="bbox 150 1832 1167 1914; baseline -0.002 -15"><span class='ocrx_word' id='word_1_99' title='bbox 150 1836 216 1899; x_wconf 89' lang='lat' dir='ltr'><strong>Nec</strong></span> <span class='ocrx_word' id='word_1_100' title='bbox 233 1835 349 1913; x_wconf 88' lang='lat' dir='ltr'><strong>timuit,</strong></span> <span class='ocrx_word' id='word_1_101' title='bbox 366 1834 482 1896; x_wconf 92' lang='lat' dir='ltr'><strong>sibine</strong></span> <span class='ocrx_word' id='word_1_102' title='bbox 497 1832 575 1895; x_wconf 88' lang='lat' dir='ltr'><strong>vitio</strong></span> <span class='ocrx_word' id='word_1_103' title='bbox 588 1833 663 1914; x_wconf 91' lang='lat' dir='ltr'><strong>quis</strong></span> <span class='ocrx_word' id='word_1_104' title='bbox 676 1842 820 1911; x_wconf 84' lang='lat' dir='ltr'><strong>verteret,</strong></span> <span class='ocrx_word' id='word_1_105' title='bbox 836 1832 914 1895; x_wconf 88' lang='lat' dir='ltr'><strong>olim</strong></span> <span class='ocrx_word' id='word_1_106' title='bbox 1126 1834 1167 1897; x_wconf 82' lang='lat'><strong>85</strong></span> 
     </span>
     <span class='ocr_line' id='line_1_17' title="bbox 149 1924 891 2016; baseline -0.005 -19"><span class='ocrx_word' id='word_1_107' title='bbox 149 1924 188 1998; x_wconf 86' lang='lat' dir='ltr'><strong>Si</strong></span> <span class='ocrx_word' id='word_1_108' title='bbox 199 1952 316 2016; x_wconf 87' lang='lat' dir='ltr'><strong>praeeo</strong></span> <span class='ocrx_word' id='word_1_109' title='bbox 330 1952 451 2014; x_wconf 85' lang='lat' dir='ltr'><strong>parvas</strong></span> <span class='ocrx_word' id='word_1_110' title='bbox 462 1941 528 2011; x_wconf 85' lang='lat' dir='ltr'><strong>aut,</strong></span> <span class='ocrx_word' id='word_1_111' title='bbox 544 1941 582 1993; x_wconf 93' lang='lat' dir='ltr'><strong>ut</strong></span> <span class='ocrx_word' id='word_1_112' title='bbox 595 1929 657 1993; x_wconf 82' lang='lat' dir='ltr'><strong>fuit</strong></span> <span class='ocrx_word' id='word_1_113' title='bbox 670 1931 748 2014; x_wconf 88' lang='lat' dir='ltr'><strong>ipse,</strong></span> <span class='ocrx_word' id='word_1_114' title='bbox 763 1943 891 1993; x_wconf 88' lang='lat' dir='ltr'><strong>eoaetor</strong></span> 
     </span>
     <span class='ocr_line' id='line_1_18' title="bbox 150 2030 1167 2112; baseline -0.002 -17"><span class='ocrx_word' id='word_1_115' title='bbox 150 2032 488 2112; x_wconf 58' lang='lat' dir='ltr'><strong>Memedessequeren</strong></span> <span class='ocrx_word' id='word_1_116' title='bbox 504 2049 610 2111; x_wconf 86' lang='lat' dir='ltr'><strong>neque</strong></span> <span class='ocrx_word' id='word_1_117' title='bbox 619 2049 679 2111; x_wconf 83' lang='lat' dir='ltr'><strong>ego</strong></span> <span class='ocrx_word' id='word_1_118' title='bbox 686 2050 791 2092; x_wconf 89' lang='lat' dir='ltr'><strong>essem</strong></span> <span class='ocrx_word' id='word_1_119' title='bbox 800 2041 950 2112; x_wconf 89' lang='lat' dir='ltr'><strong>questus;</strong></span> <span class='ocrx_word' id='word_1_120' title='bbox 967 2030 1070 2093; x_wconf 86' lang='lat' dir='ltr'><strong>athoc</strong></span> <span class='ocrx_word' id='word_1_121' title='bbox 1081 2050 1167 2093; x_wconf 89' lang='lat' dir='ltr'><strong>nuno</strong></span> 
     </span>
     <span class='ocr_line' id='line_1_19' title="bbox 149 2130 834 2215; baseline -0.006 -18"><span class='ocrx_word' id='word_1_122' title='bbox 149 2134 241 2196; x_wconf 80' lang='lat' dir='ltr'><strong>Laus</strong></span> <span class='ocrx_word' id='word_1_123' title='bbox 255 2132 302 2194; x_wconf 92' lang='lat' dir='ltr'><strong>illi</strong></span> <span class='ocrx_word' id='word_1_124' title='bbox 316 2131 450 2194; x_wconf 86' lang='lat' dir='ltr'><strong>debetur</strong></span> <span class='ocrx_word' id='word_1_125' title='bbox 463 2140 495 2194; x_wconf 86' lang='lat' dir='ltr'><strong>et</strong></span> <span class='ocrx_word' id='word_1_126' title='bbox 510 2151 531 2192; x_wconf 82' lang='lat' dir='ltr'>a</span> <span class='ocrx_word' id='word_1_127' title='bbox 540 2150 593 2193; x_wconf 89' lang='lat' dir='ltr'><strong>me</strong></span> <span class='ocrx_word' id='word_1_128' title='bbox 608 2130 712 2212; x_wconf 82' lang='lat' dir='ltr'><strong>gratia</strong></span> <span class='ocrx_word' id='word_1_129' title='bbox 725 2132 834 2215; x_wconf 84' lang='lat' dir='ltr'><strong>major.</strong></span> 
     </span>
    </p>

    <p class='ocr_par' dir='ltr' id='par_1_15' title="bbox 152 2230 950 2314">
     <span class='ocr_line' id='line_1_20' title="bbox 152 2230 950 2314; baseline -0.004 -19"><span class='ocrx_word' id='word_1_130' title='bbox 152 2233 205 2296; x_wconf 85' lang='lat' dir='ltr'><strong>Nil</strong></span> <span class='ocrx_word' id='word_1_131' title='bbox 220 2252 273 2294; x_wconf 89' lang='lat' dir='ltr'><strong>me</strong></span> <span class='ocrx_word' id='word_1_132' title='bbox 287 2231 448 2314; x_wconf 86' lang='lat' dir='ltr'><strong>poeniteat</strong></span> <span class='ocrx_word' id='word_1_133' title='bbox 463 2250 582 2292; x_wconf 86' lang='lat' dir='ltr'><strong>sanum</strong></span> <span class='ocrx_word' id='word_1_134' title='bbox 597 2230 695 2311; x_wconf 84' lang='lat' dir='ltr'><strong>patris</strong></span> <span class='ocrx_word' id='word_1_135' title='bbox 710 2231 825 2314; x_wconf 89' lang='lat' dir='ltr'><strong>hujus;</strong></span> <span class='ocrx_word' id='word_1_136' title='bbox 849 2250 950 2312; x_wconf 89' lang='lat' dir='ltr'><strong>eoque</strong></span> 
     </span>
    </p>

    <p class='ocr_par' dir='ltr' id='par_1_16' title="bbox 151 2328 1169 2412">
     <span class='ocr_line' id='line_1_21' title="bbox 151 2328 1169 2412; baseline 0 -18"><span class='ocrx_word' id='word_1_137' title='bbox 151 2331 236 2407; x_wconf 91' lang='lat' dir='ltr'><strong>Non,</strong></span> <span class='ocrx_word' id='word_1_138' title='bbox 252 2340 290 2392; x_wconf 89' lang='lat' dir='ltr'><strong>nt</strong></span> <span class='ocrx_word' id='word_1_139' title='bbox 304 2349 424 2412; x_wconf 82' lang='lat' dir='ltr'><strong>magna</strong></span> <span class='ocrx_word' id='word_1_140' title='bbox 440 2329 514 2392; x_wconf 92' lang='lat' dir='ltr'><strong>dolo</strong></span> <span class='ocrx_word' id='word_1_141' title='bbox 528 2328 652 2392; x_wconf 76' lang='lat' dir='ltr'><strong>laetum</strong></span> <span class='ocrx_word' id='word_1_142' title='bbox 666 2339 766 2412; x_wconf 83' lang='lat' dir='ltr'><strong>negat</strong></span> <span class='ocrx_word' id='word_1_143' title='bbox 780 2349 850 2392; x_wconf 86' lang='lat' dir='ltr'><strong>esse</strong></span> <span class='ocrx_word' id='word_1_144' title='bbox 865 2349 924 2392; x_wconf 91' lang='lat' dir='ltr'><strong>sno</strong></span> <span class='ocrx_word' id='word_1_145' title='bbox 938 2351 1020 2412; x_wconf 83' lang='lat' dir='ltr'><strong>pars,</strong></span> <span class='ocrx_word' id='word_1_146' title='bbox 1126 2331 1169 2394; x_wconf 75' lang='lat' dir='ltr'><strong>tto</strong></span> 
     </span>
    </p>
   </div>
   <div class='ocr_carea' id='block_1_3' title="bbox 22 2404 988 2610">
    <p class='ocr_par' dir='ltr' id='par_1_17' title="bbox 22 2404 988 2610">
     <span class='ocr_line' id='line_1_22' title="bbox 22 2404 988 2512; baseline -0.009 -11"><span class='ocrx_word' id='word_1_147' title='bbox 22 2404 23 2409; x_wconf 8' lang='grc' dir='ltr'>ἵ</span> <span class='ocrx_word' id='word_1_148' title='bbox 58 2431 60 2435; x_wconf 67' lang='grc'><strong>’</strong></span> <span class='ocrx_word' id='word_1_149' title='bbox 150 2429 253 2499; x_wconf 77' lang='lat' dir='ltr'><strong>Quod</strong></span> <span class='ocrx_word' id='word_1_150' title='bbox 268 2449 333 2491; x_wconf 93' lang='lat' dir='ltr'><strong>non</strong></span> <span class='ocrx_word' id='word_1_151' title='bbox 347 2429 506 2510; x_wconf 88' lang='lat' dir='ltr'><strong>ingenuos</strong></span> <span class='ocrx_word' id='word_1_152' title='bbox 521 2429 639 2491; x_wconf 83' lang='lat' dir='ltr'><strong>habeat</strong></span> <span class='ocrx_word' id='word_1_153' title='bbox 652 2429 819 2509; x_wconf 85' lang='lat' dir='ltr'><strong>clarosque</strong></span> <span class='ocrx_word' id='word_1_154' title='bbox 834 2442 988 2512; x_wconf 80' lang='lat' dir='ltr'><strong>parentes,</strong></span> 
     </span>
     <span class='ocr_line' id='line_1_23' title="bbox 40 2527 968 2610; baseline -0.003 -17"><span class='ocrx_word' id='word_1_155' title='bbox 40 2552 42 2555; x_wconf 88' lang='lat'>·</span> <span class='ocrx_word' id='word_1_156' title='bbox 150 2530 205 2592; x_wconf 85' lang='lat' dir='ltr'><strong>Sic</strong></span> <span class='ocrx_word' id='word_1_157' title='bbox 221 2549 273 2591; x_wconf 89' lang='lat' dir='ltr'><strong>me</strong></span> <span class='ocrx_word' id='word_1_158' title='bbox 288 2527 469 2590; x_wconf 85' lang='lat' dir='ltr'><strong>defendam.</strong></span> <span class='ocrx_word' id='word_1_159' title='bbox 513 2528 625 2608; x_wconf 87' lang='lat' dir='ltr'><strong>Longe</strong></span> <span class='ocrx_word' id='word_1_160' title='bbox 640 2547 714 2589; x_wconf 81' lang='lat' dir='ltr'><strong>mea</strong></span> <span class='ocrx_word' id='word_1_161' title='bbox 727 2527 885 2610; x_wconf 79' lang='lat' dir='ltr'><strong>discrepat</strong></span> <span class='ocrx_word' id='word_1_162' title='bbox 900 2529 968 2590; x_wconf 86' lang='lat' dir='ltr'><strong>istis</strong></span> 
     </span>
    </p>
   </div>
   <div class='ocr_carea' id='block_1_4' title="bbox 151 2627 1233 3602">
    <p class='ocr_par' dir='ltr' id='par_1_18' title="bbox 151 2627 847 2710">
     <span class='ocr_line' id='line_1_24' title="bbox 151 2627 847 2710; baseline -0.001 -19"><span class='ocrx_word' id='word_1_163' title='bbox 151 2629 196 2691; x_wconf 86' lang='lat' dir='ltr'><strong>Et</strong></span> <span class='ocrx_word' id='word_1_164' title='bbox 210 2648 277 2690; x_wconf 87' lang='lat' dir='ltr'><strong>vox</strong></span> <span class='ocrx_word' id='word_1_165' title='bbox 293 2638 323 2689; x_wconf 91' lang='lat' dir='ltr'><strong>et</strong></span> <span class='ocrx_word' id='word_1_166' title='bbox 338 2627 436 2707; x_wconf 82' lang='lat' dir='ltr'><strong>rati03</strong></span> <span class='ocrx_word' id='word_1_167' title='bbox 459 2647 537 2690; x_wconf 82' lang='lat' dir='ltr'><strong>nam</strong></span> <span class='ocrx_word' id='word_1_168' title='bbox 552 2627 580 2689; x_wconf 91' lang='lat' dir='ltr'><strong>si</strong></span> <span class='ocrx_word' id='word_1_169' title='bbox 595 2638 711 2689; x_wconf 80' lang='lat' dir='ltr'><strong>nature</strong></span> <span class='ocrx_word' id='word_1_170' title='bbox 721 2628 847 2710; x_wconf 88' lang='lat' dir='ltr'><strong>juberet</strong></span> 
     </span>
    </p>

    <p class='ocr_par' dir='ltr' id='par_1_19' title="bbox 151 2725 879 2808">
     <span class='ocr_line' id='line_1_25' title="bbox 151 2725 879 2808; baseline -0.001 -19"><span class='ocrx_word' id='word_1_171' title='bbox 151 2728 181 2789; x_wconf 91' lang='lat' dir='ltr'>A</span> <span class='ocrx_word' id='word_1_172' title='bbox 195 2727 291 2788; x_wconf 89' lang='lat' dir='ltr'><strong>eertis</strong></span> <span class='ocrx_word' id='word_1_173' title='bbox 307 2725 401 2788; x_wconf 88' lang='lat' dir='ltr'><strong>annis</strong></span> <span class='ocrx_word' id='word_1_174' title='bbox 415 2745 535 2788; x_wconf 85' lang='lat' dir='ltr'><strong>aevum</strong></span> <span class='ocrx_word' id='word_1_175' title='bbox 549 2745 690 2787; x_wconf 82' lang='lat' dir='ltr'><strong>remeare</strong></span> <span class='ocrx_word' id='word_1_176' title='bbox 705 2737 879 2808; x_wconf 81' lang='lat' dir='ltr'><strong>peractum,</strong></span> 
     </span>
    </p>

    <p class='ocr_par' dir='ltr' id='par_1_20' title="bbox 152 2822 1168 3006">
     <span class='ocr_line' id='line_1_26' title="bbox 152 2822 1168 2908; baseline 0.003 -21"><span class='ocrx_word' id='word_1_177' title='bbox 152 2826 260 2906; x_wconf 80' lang='lat' dir='ltr'><strong>Atque</strong></span> <span class='ocrx_word' id='word_1_178' title='bbox 278 2824 357 2886; x_wconf 75' lang='lat' dir='ltr'><strong>elios</strong></span> <span class='ocrx_word' id='word_1_179' title='bbox 369 2824 480 2905; x_wconf 83' lang='lat' dir='ltr'><strong>legere,</strong></span> <span class='ocrx_word' id='word_1_180' title='bbox 496 2823 539 2886; x_wconf 84' lang='lat' dir='ltr'><strong>ad</strong></span> <span class='ocrx_word' id='word_1_181' title='bbox 554 2822 676 2887; x_wconf 85' lang='lat' dir='ltr'><strong>fastum</strong></span> <span class='ocrx_word' id='word_1_182' title='bbox 691 2845 901 2907; x_wconf 84' lang='lat' dir='ltr'><strong>quoscunque</strong></span> <span class='ocrx_word' id='word_1_183' title='bbox 915 2836 1064 2908; x_wconf 85' lang='lat' dir='ltr'><strong>parentes</strong></span> <span class='ocrx_word' id='word_1_184' title='bbox 1127 2828 1168 2891; x_wconf 85' lang='lat'><strong>95</strong></span> 
     </span>
     <span class='ocr_line' id='line_1_27' title="bbox 153 2922 988 3006; baseline 0 -20"><span class='ocrx_word' id='word_1_185' title='bbox 153 2925 287 3006; x_wconf 84' lang='lat' dir='ltr'><strong>Optaret</strong></span> <span class='ocrx_word' id='word_1_186' title='bbox 302 2922 362 2985; x_wconf 92' lang='lat' dir='ltr'><strong>sibi</strong></span> <span class='ocrx_word' id='word_1_187' title='bbox 377 2922 533 3004; x_wconf 82' lang='lat' dir='ltr'><strong>quisque3</strong></span> <span class='ocrx_word' id='word_1_188' title='bbox 556 2924 638 2986; x_wconf 89' lang='lat' dir='ltr'><strong>meis</strong></span> <span class='ocrx_word' id='word_1_189' title='bbox 652 2934 823 2986; x_wconf 84' lang='lat' dir='ltr'><strong>contentus</strong></span> <span class='ocrx_word' id='word_1_190' title='bbox 839 2925 988 2988; x_wconf 91' lang='lat' dir='ltr'><strong>honestos</strong></span> 
     </span>
    </p>

    <p class='ocr_par' dir='ltr' id='par_1_21' title="bbox 155 3021 992 3102">
     <span class='ocr_line' id='line_1_28' title="bbox 155 3021 992 3102; baseline 0.002 -18"><span class='ocrx_word' id='word_1_191' title='bbox 155 3023 314 3084; x_wconf 83' lang='lat' dir='ltr'><strong>Fascibus</strong></span> <span class='ocrx_word' id='word_1_192' title='bbox 328 3031 360 3084; x_wconf 89' lang='lat' dir='ltr'><strong>et</strong></span> <span class='ocrx_word' id='word_1_193' title='bbox 375 3021 462 3083; x_wconf 91' lang='lat' dir='ltr'><strong>sellis</strong></span> <span class='ocrx_word' id='word_1_194' title='bbox 476 3021 596 3084; x_wconf 86' lang='lat' dir='ltr'><strong>nollem</strong></span> <span class='ocrx_word' id='word_1_195' title='bbox 611 3024 692 3086; x_wconf 87' lang='lat' dir='ltr'><strong>mihi</strong></span> <span class='ocrx_word' id='word_1_196' title='bbox 707 3043 842 3102; x_wconf 89' lang='lat' dir='ltr'><strong>sumere,</strong></span> <span class='ocrx_word' id='word_1_197' title='bbox 859 3023 992 3086; x_wconf 87' lang='lat' dir='ltr'><strong>demens</strong></span> 
     </span>
    </p>

    <p class='ocr_par' dir='ltr' id='par_1_22' title="bbox 155 3119 847 3203">
     <span class='ocr_line' id='line_1_29' title="bbox 155 3119 847 3203; baseline 0 -19"><span class='ocrx_word' id='word_1_198' title='bbox 155 3122 174 3185; x_wconf 91' lang='lat' dir='ltr'>J</span> <span class='ocrx_word' id='word_1_199' title='bbox 177 3121 282 3183; x_wconf 85' lang='lat' dir='ltr'><strong>udicio</strong></span> <span class='ocrx_word' id='word_1_200' title='bbox 298 3119 397 3200; x_wconf 85' lang='lat' dir='ltr'><strong>vulgi,</strong></span> <span class='ocrx_word' id='word_1_201' title='bbox 414 3139 515 3182; x_wconf 85' lang='lat' dir='ltr'><strong>sanus</strong></span> <span class='ocrx_word' id='word_1_202' title='bbox 529 3119 664 3184; x_wconf 83' lang='lat' dir='ltr'><strong>sortasse</strong></span> <span class='ocrx_word' id='word_1_203' title='bbox 679 3133 744 3200; x_wconf 87' lang='lat' dir='ltr'><strong>tuo,</strong></span> <span class='ocrx_word' id='word_1_204' title='bbox 760 3123 847 3203; x_wconf 86' lang='lat' dir='ltr'><strong>quod</strong></span> 
     </span>
    </p>

    <p class='ocr_par' dir='ltr' id='par_1_23' title="bbox 157 3219 1233 3500">
     <span class='ocr_line' id='line_1_30' title="bbox 157 3219 1233 3304; baseline 0.006 -21"><span class='ocrx_word' id='word_1_205' title='bbox 157 3219 286 3284; x_wconf 83' lang='lat' dir='ltr'><strong>Nollem</strong></span> <span class='ocrx_word' id='word_1_206' title='bbox 301 3239 394 3299; x_wconf 75' lang='lat' dir='ltr'><strong>onuS,</strong></span> <span class='ocrx_word' id='word_1_207' title='bbox 409 3219 500 3283; x_wconf 83' lang='lat' dir='ltr'><strong>haud</strong></span> <span class='ocrx_word' id='word_1_208' title='bbox 515 3240 663 3302; x_wconf 88' lang='lat' dir='ltr'><strong>unquam</strong></span> <span class='ocrx_word' id='word_1_209' title='bbox 678 3221 799 3300; x_wconf 88' lang='lat' dir='ltr'><strong>solitus,</strong></span> <span class='ocrx_word' id='word_1_210' title='bbox 815 3234 938 3304; x_wconf 85' lang='lat' dir='ltr'><strong>portare</strong></span> <span class='ocrx_word' id='word_1_211' title='bbox 954 3224 1133 3288; x_wconf 86' lang='lat' dir='ltr'><strong>molestum.</strong></span> <span class='ocrx_word' id='word_1_212' title='bbox 1227 3277 1233 3290; x_wconf 92' lang='lat'><strong>.</strong></span> 
     </span>
     <span class='ocr_line' id='line_1_31' title="bbox 158 3318 1169 3405; baseline 0.004 -22"><span class='ocrx_word' id='word_1_213' title='bbox 158 3318 242 3384; x_wconf 76' lang='lat' dir='ltr'><strong>Nam</strong></span> <span class='ocrx_word' id='word_1_214' title='bbox 257 3318 339 3380; x_wconf 87' lang='lat' dir='ltr'><strong>mibi</strong></span> <span class='ocrx_word' id='word_1_215' title='bbox 353 3319 507 3382; x_wconf 89' lang='lat' dir='ltr'><strong>continuo</strong></span> <span class='ocrx_word' id='word_1_216' title='bbox 520 3321 621 3403; x_wconf 87' lang='lat' dir='ltr'><strong>major</strong></span> <span class='ocrx_word' id='word_1_217' title='bbox 635 3320 821 3401; x_wconf 83' lang='lat' dir='ltr'><strong>quaerenda</strong></span> <span class='ocrx_word' id='word_1_218' title='bbox 836 3320 915 3384; x_wconf 85' lang='lat' dir='ltr'><strong>foret</strong></span> <span class='ocrx_word' id='word_1_219' title='bbox 930 3343 987 3405; x_wconf 87' lang='lat' dir='ltr'><strong>res,</strong></span> <span class='ocrx_word' id='word_1_220' title='bbox 1112 3326 1169 3388; x_wconf 76' lang='lat' dir='ltr'><strong>lon</strong></span> 
     </span>
     <span class='ocr_line' id='line_1_32' title="bbox 162 3417 905 3500; baseline 0.001 -18"><span class='ocrx_word' id='word_1_221' title='bbox 162 3419 265 3500; x_wconf 80' lang='lat' dir='ltr'><strong>Atque</strong></span> <span class='ocrx_word' id='word_1_222' title='bbox 280 3417 443 3480; x_wconf 75' lang='lat' dir='ltr'><strong>salutandi</strong></span> <span class='ocrx_word' id='word_1_223' title='bbox 458 3418 572 3499; x_wconf 87' lang='lat' dir='ltr'><strong>plures,</strong></span> <span class='ocrx_word' id='word_1_224' title='bbox 588 3418 758 3482; x_wconf 90' lang='lat' dir='ltr'><strong>ducendus</strong></span> <span class='ocrx_word' id='word_1_225' title='bbox 773 3430 804 3481; x_wconf 86' lang='lat' dir='ltr'><strong>et</strong></span> <span class='ocrx_word' id='word_1_226' title='bbox 820 3440 905 3483; x_wconf 91' lang='lat' dir='ltr'><strong>unus</strong></span> 
     </span>
    </p>

    <p class='ocr_par' dir='ltr' id='par_1_24' title="bbox 162 3515 948 3602">
     <span class='ocr_line' id='line_1_33' title="bbox 162 3515 948 3602; baseline 0.005 -24"><span class='ocrx_word' id='word_1_227' title='bbox 162 3516 200 3578; x_wconf 79' lang='lat' dir='ltr'><strong>Et</strong></span> <span class='ocrx_word' id='word_1_228' title='bbox 216 3535 324 3578; x_wconf 87' lang='lat' dir='ltr'><strong>eomes</strong></span> <span class='ocrx_word' id='word_1_229' title='bbox 340 3515 427 3595; x_wconf 83' lang='lat' dir='ltr'><strong>alter,</strong></span> <span class='ocrx_word' id='word_1_230' title='bbox 444 3517 491 3578; x_wconf 88' lang='lat' dir='ltr'><strong>uti</strong></span> <span class='ocrx_word' id='word_1_231' title='bbox 507 3537 548 3580; x_wconf 93' lang='lat' dir='ltr'><strong>ne</strong></span> <span class='ocrx_word' id='word_1_232' title='bbox 564 3517 652 3578; x_wconf 90' lang='lat' dir='ltr'><strong>solus</strong></span> <span class='ocrx_word' id='word_1_233' title='bbox 666 3537 764 3579; x_wconf 88' lang='lat' dir='ltr'><strong>rusve</strong></span> <span class='ocrx_word' id='word_1_234' title='bbox 779 3537 948 3602; x_wconf 79' lang='lat' dir='ltr'><strong>peregreve</strong></span> 
     </span>
    </p>
   </div>
   <div class='ocr_carea' id='block_1_5' title="bbox 274 3729 1063 3795">
    <p class='ocr_par' dir='ltr' id='par_1_25' title="bbox 274 3729 1063 3795">
     <span class='ocr_line' id='line_1_34' title="bbox 274 3729 1063 3795; baseline 0.01 -18"><span class='ocrx_word' id='word_1_235' title='bbox 274 3729 305 3777; x_wconf 79' lang='lat'><strong>79</strong></span> <span class='ocrx_word' id='word_1_236' title='bbox 330 3730 421 3791; x_wconf 83' lang='lat' dir='ltr'><strong>siquis</strong></span> <span class='ocrx_word' id='word_1_237' title='bbox 489 3731 530 3780; x_wconf 83' lang='grc'><strong>87.</strong></span> <span class='ocrx_word' id='word_1_238' title='bbox 547 3730 653 3790; x_wconf 78' lang='lat' dir='ltr'><strong>edhoe3</strong></span> <span class='ocrx_word' id='word_1_239' title='bbox 669 3729 766 3779; x_wconf 79' lang='lat' dir='ltr'><strong>obhoo.</strong></span> <span class='ocrx_word' id='word_1_240' title='bbox 835 3732 887 3781; x_wconf 79' lang='lat'>102.</span> <span class='ocrx_word' id='word_1_241' title='bbox 906 3749 1003 3795; x_wconf 78' lang='lat' dir='ltr'><strong>peregre</strong></span> <span class='ocrx_word' id='word_1_242' title='bbox 1016 3743 1063 3786; x_wconf 77' lang='lat' dir='ltr'><strong>unt.</strong></span> 
     </span>
    </p>
   </div>
   <div class='ocr_carea' id='block_1_6' title="bbox 0 0 1395 4250">
    <p class='ocr_par' dir='ltr' id='par_1_26' title="bbox 0 0 1395 4250">
     <span class='ocr_line' id='line_1_35' title="bbox 0 0 1395 4250; baseline 0 0"><span class='ocrx_word' id='word_1_243' title='bbox 0 0 1395 4250; x_wconf 95' lang='lat' dir='ltr'><strong> </strong></span> 
     </span>
    </p>
   </div>
  </div>
 </body>
</html>
