2742 4250
477 233 636 288 multu
688 235 814 288 (hm

134 391 314 474 Debcllata,
329 401 440 456 monet
454 393 611 458 Sithoniis
625 412 691 458 non
706 394 788 458 lovis
802 393 918 475 Euius,

133 493 220 556 Cum
234 491 286 556 sas
300 502 399 576 atque
414 491 507 556 nefas
520 493 640 576 exiguo
655 491 722 556 fine
736 492 907 558 libidinum
1118 506 1154 570 ιο

133 593 333 656 Discemunt
347 591 446 655 avidi.
489 590 565 655 Non
578 610 638 674 ego
653 601 694 672 te,
708 591 848 655 candido
862 593 1032 673 Bassareu,

4 677 11 696 ⁵
133 692 281 755 Invitum
294 690 449 772 quatiam,
465 709 525 754 neo
541 691 639 754 variis
653 691 759 754 obsita
772 690 940 755 frondibus

132 792 203 856 Sub
218 790 334 853 divum
348 789 482 872 rapiam.
525 789 634 854 Saeva
648 799 722 854 tenc
735 809 815 853 cum
827 790 1019 874 Berecyntio

133 891 244 952 Cornu
261 899 428 974 tympana,
443 909 528 972 qnae
543 889 751 971 subsequitur
765 909 888 953 caccus
903 909 994 953 amor
1008 887 1067 969 sui,

136 989 177 1051 Et
192 987 310 1050 tollens
324 1007 470 1051 vacuum
482 989 557 1072 plus
571 989 672 1051 nimio
688 989 790 1072 gloria
804 989 967 1069 verticum,
1118 993 1153 1052 ib

135 1088 317 1169 Arcaniquo
332 1085 414 1151 fides
428 1087 570 1170 prodiga,
586 1087 780 1171 perlucidior
794 1089 884 1151 vitro

583 1405 701 1418 —-

496 1631 677 1694 GARMEN
704 1633 792 1694 XIX.

450 1815 507 1858 AD
544 1817 834 1862 oLYcERAM.

288 1891 503 2074 Materhaeva
517 1921 661 2153 Cubi&
686 1998 718 2041 m
847 2055 850 2063 1
982 1996 985 2000 ’
1068 1925 1073 1933 ·

327 2045 573 2190 Thebabraeque
583 2079 621 2163 ju
651 1999 743 2199 ihus
757 2078 901 2172 Semcics
913 2074 1001 2167 puto,

285 2178 330 2240 Et
344 2178 467 2241 lasciva
481 2178 610 2241 licentia
626 2158 629 2187 ¹

327 2277 445 2341 Finitis
460 2281 609 2341 animum
622 2278 753 2342 reddero
768 2281 940 2344 amoribus.

288 2377 359 2439 Urit
372 2396 425 2439 ma
440 2375 599 2459 Glycerae
614 2378 698 2441 nitor
1011 2452 1014 2458 ,
1133 2390 1153 2451 5

326 2474 532 2559 splendentis
547 2476 641 2539 Pario
656 2496 814 2540 marmore
828 2478 961 2561 purius:

286 2575 357 2638 Urit
371 2585 462 2657 grata
477 2576 684 2657 protervitas,

325 2674 371 2737 Et
384 2674 496 2736 vultus
510 2674 650 2737 nimium
665 2675 808 2739 lubricus
822 2676 954 2760 adspici,

285 2773 324 2836 ln
338 2792 391 2835 mo
405 2782 472 2835 tota
486 2793 583 2837 ruens
597 2774 711 2838 Venus

322 2872 469 2955 Cyprum
483 2872 631 2953 deseruit,
647 2893 708 2937 nec
723 2873 843 2956 patitur
857 2875 1007 2957 Scythas,
1118 2882 1154 2945 10

284 2970 330 3033 Et
343 2972 444 3034 versis
459 2972 644 3036 animosum
659 2974 752 3055 equis

326 3070 484 3133 Parthum
498 3070 612 3152 dicere,
628 3092 689 3135 noc
703 3092 788 3155 quae
803 3073 885 3136 nihil
900 3074 1045 3141 attinent.

285 3168 348 3231 Hic
362 3169 478 3233 vivum
491 3170 573 3234 mihi
587 3172 770 3254 caespitem,
786 3173 840 3236 hic

326 3268 497 3350 Verbenas,
512 3270 611 3351 pueri,
626 3272 743 3353 ponite,
759 3272 928 3355 thuraque,

286 3366 370 3430 Bimi
385 3387 463 3431 cum
476 3378 588 3451 patera
601 3370 699 3435 meri:
1115 3382 1152 3445 15

325 3466 470 3531 Mactata
484 3468 593 3532 vemet
607 3468 708 3533 lenior
722 3470 836 3535 hostia.

518 3666 546 3718 0.
558 3670 608 3719 xix.
623 3669 660 3719 12.
678 3672 774 3723 attinet.
