2742 4250
229 247 294 320 [76
624 266 838 316 samareon

226 426 278 491 Nil
292 423 405 488 referre
420 423 540 506 putas?
583 424 706 504 Quare,
722 443 763 486 ne
778 424 939 505 poeniteat
954 433 994 504 te,

225 525 344 588 Desine
359 535 523 586 matronas
537 523 695 601 sectarier,
711 524 798 586 unde
814 523 932 586 laboris

225 626 302 688 Plus
317 624 444 686 haurire
459 623 538 685 mali
552 634 609 703 est,
625 641 727 704 qnam
741 643 783 686 ex
799 644 831 686 re
847 623 1013 706 decerpere
1028 623 1162 689 linctus,

223 725 291 790 Nec
307 725 411 805 magis
426 723 503 786 huic
519 723 600 785 inter
613 724 726 786 niveos
741 723 923 806 viridesque
939 725 1107 807 lapillos-
1201 727 1245 790 80
1350 701 1351 730 ἲ

223 826 271 888 Sit
283 825 357 887 licet
371 825 440 902 hoc,
451 823 611 902 Cerinthe,
623 834 907 886 tuum-tenerum
916 834 965 886 est
975 823 1079 887 femur
1094 835 1152 888 aut
1166 845 1244 889 crus

224 924 374 1003 Rectius;
398 933 496 1004 atque
510 923 609 985 etiam
624 923 741 986 melius
756 943 907 1005 persaepe
923 932 1049 1005 togatae
1064 934 1119 986 est.

222 1023 315 1086 Adde
330 1023 404 1102 huc,
420 1021 508 1103 quod
523 1041 663 1085 mercem
677 1023 746 1084 sine
762 1023 845 1085 sucis
860 1032 972 1105 gestat,
988 1033 1094 1104 aperte

223 1121 323 1192 Quod
339 1121 453 1184 venale
468 1122 566 1185 habet
580 1121 726 1199 ostendit
739 1141 808 1202 nec,
825 1123 851 1184 si
866 1121 945 1204 quid
959 1123 1085 1186 honesti
1100 1133 1157 1204 est,

222 1222 328 1286 Jactat
343 1222 504 1303 habetque
519 1222 637 1304 palam,
652 1223 778 1303 quaerit
791 1243 856 1304 quo
873 1223 978 1305 turpia
992 1223 1082 1285 celet.
1111 1227 1115 1250 ¹
1199 1224 1244 1286 85
1352 1277 1353 1280 ,

223 1322 368 1403 Regibus
382 1321 435 1383 hic
451 1341 521 1384 mos
535 1332 603 1385 est:
626 1323 682 1385 ubi
697 1341 798 1403 equos
814 1333 1004 1403 mercantur,
1021 1333 1144 1406 opertos
1351 1333 1353 1342 ⁴

224 1421 413 1503 Inspiciunt,
428 1441 478 1500 ne,
495 1422 522 1483 si
537 1420 644 1501 facies,
660 1432 697 1484 ut
713 1441 816 1504 saepe,
832 1422 947 1484 decora

224 1521 314 1584 Molli
329 1521 415 1583 fulta
429 1521 510 1603 pede
524 1532 580 1601 est,
593 1534 769 1603 emptorem
784 1523 917 1585 inducat
931 1524 1085 1602 hiantem,

224 1620 325 1691 Quod
341 1621 494 1702 pulchrae
509 1621 631 1702 clunes,
647 1624 743 1684 breve
759 1622 846 1703 quod
861 1635 967 1706 caput,
984 1623 1086 1685 ardua
1102 1624 1222 1686 cervix.

226 1720 295 1781 Hoc
310 1720 356 1782 illi
372 1731 475 1783 recto:
497 1741 539 1783 ne
553 1723 691 1803 corporis
706 1723 828 1804 optima
845 1723 968 1804 Lyncei
1200 1723 1245 1784 90

225 1821 448 1903 Contemplere
463 1821 574 1900 oculiS,
592 1822 748 1903 Hypsaea
763 1823 887 1883 caecior
903 1819 967 1898 illa,

225 1924 323 1993 Quae
339 1923 426 2002 mala
442 1933 526 2000 sunt,
543 1932 675 2003 spectes.
721 1922 750 1984 Ο
767 1923 859 1984 crus!
882 1942 901 1982 o
917 1922 1049 1984 brachia
1061 1922 1068 1984 !
1080 1921 1200 1983 Verum

228 2023 378 2105 Depygis,
395 2032 521 2100 nasuta,
538 2023 625 2084 brevi
642 2023 747 2101 latere,
764 2043 802 2084 ac
818 2021 898 2104 pede
914 2020 1010 2104 longo
1025 2031 1080 2083 est.

226 2125 400 2202 Matronae,
416 2134 539 2204 praeter
555 2120 680 2202 faciem,
698 2125 742 2185 nil
759 2143 885 2185 cernere
901 2123 1011 2205 possis,

225 2224 347 2302 Cetera,
363 2223 397 2285 ni
412 2223 507 2285 Catia
522 2233 577 2301 est,
594 2222 735 2285 demissa
751 2234 838 2284 veste
855 2222 999 2304 tegentis.
1202 2222 1244 2284 tto
1355 2222 1356 2233 *

224 2324 261 2388 Si
275 2322 442 2385 interdicta
458 2331 554 2404 petes,
571 2323 658 2385 vallo
672 2321 993 2385 circumdata-nam
1009 2332 1040 2383 tc

225 2424 295 2486 Hoc
310 2422 387 2485 facit
402 2421 720 2484 insanum—multae
737 2421 792 2483 tibi
808 2430 878 2483 turn
893 2420 1033 2483 officient
1047 2438 1105 2499 ree,

225 2522 393 2601 Custodes,
409 2522 530 2601 lectica,
546 2521 722 2600 ciniflones,
739 2521 906 2603 parasium,

227 2621 278 2686 Ad
293 2620 374 2683 talos
390 2622 472 2683 stola
485 2620 635 2700 demissa,
651 2630 682 2683 et
698 2619 900 2683 circumdata
914 2619 1011 2702 palla,
1028 2642 1030 2648 ·

227 2721 378 2801 Plurima,
394 2742 478 2803 quae
494 2721 662 2783 invideant
678 2740 757 2802 pure
773 2738 924 2801 apparere
940 2719 996 2781 tibi
1011 2738 1087 2780 rem.
1182 2719 1244 2781 100

225 2821 343 2901 Altera,
359 2822 406 2884 nil
420 2823 526 2884 obstat
537 2843 548 2883 ι·
569 2821 644 2883 Cois
659 2821 716 2883 tibi
731 2839 834 2902 paene
849 2818 957 2881 videre
971 2829 1019 2880 est

227 2922 270 2985 Ut
285 2921 418 3001 nudam,
434 2942 476 2983 ne
490 2941 581 3007 crure
597 2920 691 2999 malo,
707 2940 748 2982 nc
765 2920 806 2981 sit
820 2920 900 3002 pede
916 2920 1021 3002 turpi:

227 3022 331 3087 Metiri
346 3023 448 3104 possis
463 3021 556 3083 oculo
571 3021 665 3082 latus.
710 3021 763 3082 An
779 3021 835 3083 tibi
851 3021 957 3082 mavis

227 3121 365 3183 lusidias
381 3121 449 3183 fieri
464 3122 665 3203 pretiumque
681 3120 812 3182 avellier
827 3132 901 3183 ante

226 3223 338 3290 Quam
354 3240 492 3282 mercem
507 3220 657 3281 ostendi?
682 3220 865 3301 “Leporem
879 3230 1012 3282 venator
1023 3229 1058 3282 ut
1071 3220 1136 3282 alta
1183 3222 1242 3284 105

228 3323 263 3383 ln
280 3322 353 3382 nive
369 3330 514 3399 sectetur,
530 3320 671 3401 positum
686 3320 732 3381 sic
748 3329 878 3401 tangere
893 3319 973 3382 nolit
985 3320 1011 3382 :’'

226 3421 352 3498 tranat,
368 3429 399 3480 et
414 3420 562 3502 apponit:
587 3425 707 3480 “meus
722 3429 770 3480 est
784 3438 874 3480 amor
888 3418 965 3481 huic
981 3418 1112 3481 similis:
1135 3438 1215 3481 nam

226 3520 422 3583 ’l'ransvolat
437 3521 471 3581 in
486 3519 591 3582 medio
606 3519 718 3602 posita,
735 3529 766 3580 et
780 3518 938 3601 fugientia
953 3519 1087 3601 captat.”

407 3753 446 3803 sl.
464 3752 502 3801 sit
514 3752 579 3809 licet,
590 3767 605 3800 o
617 3751 743 3809 cerione,
754 3760 829 3799 tuum.
898 3752 937 3801 90,
956 3749 1062 3807 Lynceis
