2742 4250
447 283 558 334 amaa
583 284 621 335 11.
675 284 706 334 a
731 283 756 334 a
1046 262 1119 341 279

143 442 369 524 Jurandasque
385 450 479 505 tuum
493 463 549 524 per
562 461 681 505 nomen
696 442 848 524 ponimus
862 463 944 523 aras,
1059 497 1064 508 .

143 541 195 606 Nil
210 542 370 605 oriturum
384 542 475 622 alias,
491 541 538 605 nil
553 552 659 606 ortum
674 542 739 604 tale
755 541 920 626 fatentes„

142 642 206 706 Sed
222 653 299 706 tuus
314 642 368 704 hic
383 641 531 724 populus,
548 642 678 725 sapiens
692 652 725 704 et
734 643 844 725 justus
859 642 892 705 in
908 661 982 722 uno,

143 741 193 805 Te
208 742 326 804 nostris
341 740 488 821 ducibus,
505 752 536 804 te
551 742 657 804 Graiis
671 740 886 822 anteferenda,

143 842 257 904 Cetera
271 860 482 923 nequaquam
499 841 595 904 simili
611 841 734 904 ratione
748 841 909 923 modoque
1076 843 1120 907 20

142 942 308 1021 Aestimat,
324 951 364 1021 et,
380 941 443 1004 nisi
457 961 542 1023 quae
558 941 646 1004 terris
662 950 786 1003 semota
800 941 934 1022 suisque

141 1040 357 1124 Temporibus
373 1039 527 1104 defuncta
542 1040 638 1120 videt,
655 1038 779 1103 fastidit
792 1050 824 1102 et
838 1039 924 1104 odit:

141 1141 194 1203 Sic
210 1139 317 1203 fautor
330 1150 485 1220 veterum,
502 1151 537 1202 ut
554 1139 682 1203 tabulas
697 1159 830 1222 peccare
844 1151 999 1220 vetantes,

142 1242 238 1310 Quas
251 1240 301 1302 bis
316 1239 462 1322 quinque
477 1241 537 1302 viri
552 1250 740 1320 sanxerunt,
760 1239 887 1302 foedera
901 1259 1014 1323 regum

142 1339 197 1402 Vel
214 1340 327 1402 Gabiis
343 1341 394 1402 rel
410 1360 487 1403 cum
502 1339 614 1422 rigidis
630 1350 770 1422 aequata
785 1340 924 1419 Sabinis,
1076 1340 1118 1402 25

141 1439 338 1503 Pontificum
353 1439 457 1520 libros,
474 1459 599 1504 annosa
613 1439 782 1503 volumina
796 1449 919 1519 vatum,

142 1540 273 1603 Dictitet
286 1539 414 1603 Albano
430 1540 544 1603 Musas
559 1540 593 1603 in
608 1550 718 1602 monte
733 1540 865 1602 locutas.

141 1640 184 1719 Si,
200 1640 279 1721 qnia
294 1640 490 1702 Graecorum
505 1649 583 1702 sunt
597 1640 825 1722 antiquissima
838 1659 986 1722 quaeque

141 1740 268 1822 Scripta
283 1739 335 1802 vel
350 1740 480 1821 optima,
495 1739 635 1804 Romani
650 1751 828 1823 pensantur
841 1740 956 1802 eadem

140 1840 315 1921 Scriptores
331 1840 459 1920 trutina,
475 1859 541 1903 non
556 1839 707 1921 estquod
722 1839 826 1903 multa
840 1839 1031 1921 loquamur:
1076 1839 1118 1903 30

141 1939 193 2002 Nil
212 1941 294 2002 intra
309 1951 358 2002 est
372 1940 486 2019 oleam,
502 1939 548 2002 nil
563 1951 655 2002 extra
670 1950 719 2001 cst
735 1939 767 2001 in
783 1959 867 2002 nuce
881 1937 972 2002 duri:

142 2039 297 2102 Venimus
312 2039 353 2101 ad
371 2059 538 2102 summum
553 2037 709 2118 fortunae,
725 2038 888 2120 pingimus
903 2048 1000 2120 atquo

141 2140 316 2203 Psallirnus
330 2152 363 2203 et
378 2140 540 2204 luctamur
554 2140 690 2203 Achivis
706 2138 832 2203 doctius
847 2139 963 2202 unctis.

140 2240 173 2303 Si
190 2239 323 2303 meliora
338 2239 416 2319 dies,
432 2250 468 2303 ut
485 2240 570 2318 vina,
587 2249 736 2322 poemata
751 2239 862 2321 reddit,

139 2340 228 2403 Scire
244 2340 350 2420 velim,
366 2340 487 2402 chartis
502 2339 640 2421 pretium
654 2351 774 2421 quotus
789 2352 913 2423 arroget
927 2360 1043 2403 annus.
1074 2342 1117 2405 35

140 2440 288 2521 Scriptor,
305 2440 424 2503 abhinc
439 2459 543 2503 annos
557 2451 690 2502 centum
705 2442 762 2522 qui
777 2440 904 2519 decidit,
921 2441 1002 2503 inter

143 2538 301 2602 Perseetos
315 2551 503 2621 veteresque
518 2538 624 2602 referri
639 2539 742 2619 debet,
758 2561 801 2603 an
818 2541 900 2603 inter

142 2638 228 2701 Viles
244 2649 341 2721 atque
356 2640 482 2702 novosl
525 2639 693 2703 Excludat
703 2641 811 2724 Jurgia
826 2639 950 2703 finis.—

145 2738 202 2801 Est
217 2748 311 2801 vetus
326 2749 427 2820 atque
440 2740 566 2821 probus,
581 2748 714 2802 centum
729 2740 785 2821 qui
800 2738 924 2822 perficit
938 2758 1094 2802 annos--

140 2837 242 2918 auid,
257 2839 314 2921 qui
329 2838 462 2922 deperiit
477 2838 581 2903 minor
596 2858 662 2901 uno
677 2859 789 2901 mense
803 2838 856 2901 vel
871 2858 965 2919 anno,
994 2836 998 2843 ’
1075 2838 1118 2901 40

140 2939 228 3003 Inter
243 2958 326 3020 quos
342 2937 526 3001 reserandus
541 2938 624 3001 erit?
646 2949 811 3001 veteresne
825 2948 944 3021 poetas,

141 3040 192 3102 An
208 3058 290 3121 quos
305 3048 337 3100 ct
351 3056 503 3120 praesens
518 3048 550 3099 et
564 3048 691 3120 postera
706 3049 836 3120 respuat
851 3048 941 3101 aetas
951 3038 1009 3100 l·-

139 3136 203 3199 Istc
218 3136 352 3219 quidem
367 3145 490 3198 veteres
506 3136 587 3200 inter
600 3149 738 3219 ponetur
752 3138 894 3216 honeste,

140 3236 277 3307 univer
293 3256 404 3298 mense
420 3236 508 3299 brevi
523 3236 574 3299 vel
591 3248 655 3299 toto
671 3248 720 3299 est
730 3237 838 3321 junior
852 3255 993 3299 anno.-

141 3336 219 3401 Utor
232 3335 397 3418 permisso,
412 3334 602 3417 caudaeque
617 3336 698 3418 pilos
714 3348 751 3400 ut
763 3336 903 3417 equinae
1075 3336 1117 3398 45

143 3435 317 3499 Paullatim
332 3435 425 3516 vello,
440 3446 473 3499 et
487 3434 582 3498 demo
597 3455 711 3515 unum,
726 3436 822 3499 demo
837 3447 868 3497 et
883 3436 960 3497 itern
978 3454 1089 3515 unum,

144 3534 229 3599 Dum
245 3534 344 3599 cadat
357 3534 469 3598 elusus
484 3535 605 3599 ratione
620 3536 742 3598 ruentis
757 3535 872 3615 acervi,

272 3763 324 3815 ur
348 3765 386 3815 16.
404 3780 502 3825 numen,
515 3766 630 3817 Orellias.
697 3766 737 3815 46.
755 3766 844 3826 etiarm
860 3764 953 3818 uren.
