2742 4250
636 286 836 335 caurssmt
950 293 954 297 ’

359 443 452 526 Lyde
467 453 598 506 strenua
613 444 812 522 Caecubum,

336 596 342 609 .
401 544 612 625 Munitaeque
627 541 745 604 adhibe
760 533 828 605 uim
843 542 1029 625 sapientiae.

359 643 518 706 Inclinare
533 640 699 704 meridiem

401 743 517 822 SentiS,
533 762 581 821 ac,
597 741 699 804 veluti
713 751 774 803 stet
788 740 928 803 volucris
941 740 1019 820 dies,

358 843 467 905 Parcis
482 841 623 924 deripere
638 841 751 904 horreo

400 943 590 1004 Cessantem
605 941 713 1004 Bibuli
727 940 873 1002 consulis
888 941 1086 1022 amphoram.

359 1041 426 1104 Nos
441 1040 645 1103 cantabimus
661 1039 802 1102 invicem

398 1141 590 1222 Neptunum
605 1150 637 1201 et
652 1139 770 1202 virides
785 1138 962 1202 Nereidum
976 1157 1105 1201 comas:
1217 1141 1257 1201 tu

359 1241 416 1304 'I'u
430 1259 531 1302 curva
545 1239 667 1302 recines
682 1238 755 1320 lyra

399 1339 560 1402 Latonam
574 1348 606 1401 et
619 1337 732 1401 celeris
746 1336 872 1420 spicula
886 1337 1057 1420 Cynthiae,

357 1440 495 1502 Summo
508 1437 660 1518 carmine,
676 1457 762 1520 quae
776 1436 905 1500 Gnidon

402 1537 644 1621 Fulgentesque
659 1547 746 1600 tenet
761 1535 925 1619 Cycladas
939 1548 971 1598 et
986 1537 1122 1618 Paphon

365 1637 486 1700 iunctis
501 1636 576 1700 visit
590 1636 731 1700 oloribus
743 1659 751 1718 3
1216 1639 1255 1699 Ιὸ

406 1737 535 1801 Dicetur
549 1736 663 1800 merita
678 1737 753 1800 Nox
768 1755 897 1818 quoque
911 1737 1019 1799 nenia.

576 2341 757 2405 OARMEN
784 2340 903 2403 xxm

538 2555 590 2597 An
624 2556 941 2599 MAECENATEM·

361 2747 531 2831 'I'ynhena
545 2769 660 2831 regum
678 2750 853 2833 progenies),
870 2749 926 2811 tibi

358 2847 432 2912 Non
447 2858 521 2911 ante
536 2869 628 2912 verso
643 2850 714 2913 lene
729 2868 854 2911 merum
868 2847 950 2911 cado

401 2948 487 3011 Cum
502 2947 587 3029 flore,
603 2950 785 3028 Maecenas,
801 2968 948 3011 rosarum
963 2957 995 3010 et

442 3047 557 3110 Pressa
573 3050 637 3112 tuis
652 3049 791 3111 balanus
805 3048 931 3131 capillis

363 3257 562 3323 iamdudum
577 3260 663 3342 apud
679 3281 731 3323 me
747 3272 803 3325 est.
848 3262 945 3345 Eripe
961 3272 991 3324 te
1007 3281 1123 3342 morae,
1233 3264 1252 3325 5

361 3356 430 3422 Nec
445 3377 570 3440 semper
584 3357 688 3421 udum
703 3360 809 3424 Tibur
823 3372 856 3424 et
869 3360 1011 3425 Aesulae

401 3455 534 3519 Declive
549 3457 771 3541 contempleris
785 3480 901 3523 arvum
915 3470 947 3523 et

445 3557 603 3641 Telegoni
614 3559 696 3641 juga
709 3559 895 3642 parricidae.

489 3772 515 3822 C.
528 3775 593 3821 xxix*
607 3776 631 3829 5,
644 3774 659 3822 6
685 3789 786 3833 morum
803 3774 864 3831 Ne,
876 3775 986 3825 Orellius
