2742 4250
438 259 549 309 ursus
573 260 596 310 1.
647 261 680 312 u
707 261 782 311 xm
1059 252 1129 324 :lib

108 415 211 488 Quod
226 425 371 500 superest
386 417 467 496 aevi,
483 417 510 479 si
525 417 601 499 quid
619 437 786 500 superesse
801 418 916 484 volunt
929 420 982 484 dt:

107 518 157 580 Sit
174 518 260 580 bona
275 515 429 579 librorum
443 527 474 578 et
488 517 633 600 provisae
649 517 751 601 frugis
767 519 800 582 in
816 539 941 584 annum

108 618 231 700 Copia:
253 637 319 682 neu
334 616 459 682 fluitem
473 617 591 680 dubiae
606 638 662 701 spe
677 619 840 702 pendulus
856 621 972 685 borae!
1069 626 1129 688 llll

108 718 175 782 Sed
190 717 270 780 satis
284 729 332 780 est
346 737 435 780 orare
450 717 574 797 Jovem,
590 738 674 800 quae
690 718 790 783 donat
804 731 834 783 et
850 720 974 786 aufert:

16 867 17 872 1
112 818 171 882 net
188 819 300 898 vitam,
315 817 370 880 det
383 837 479 900 opes:
501 837 643 899 aequum
659 829 706 881 nrt
720 821 868 884 animum
885 821 952 902 ipse
967 823 1096 904 parabo.

455 1424 669 1486 EPISTOLA
697 1426 785 1486 XIX

424 1639 475 1682 ΑΙ)
505 1640 824 1686 truncaturum.

193 1833 303 1896 Prisco
317 1833 344 1895 si
359 1833 470 1914 credis,
488 1834 662 1898 Maecenas
679 1835 780 1916 docte,
796 1837 936 1918 Cratino,

152 1934 252 1998 Nulla
267 1933 392 2017 placere
407 1933 465 1997 diu
479 1955 540 1998 nee
555 1937 662 1999 vivere
676 1939 822 2000 carmina
837 1950 979 2020 possunt,

151 2035 249 2104 Quae
265 2035 449 2096 scribuntur
463 2054 567 2117 aquae
582 2036 754 2120 potoribus.
799 2037 843 2102 Ut
859 2038 942 2100 male
958 2059 1054 2103 sanos

150 2134 331 2216 Adseripsit
344 2135 440 2198 Liber
454 2136 579 2219 Satyris
595 2138 785 2218 Faunisque
800 2150 918 2220 poetas,

154 2233 236 2297 Vina
251 2232 315 2297 fere
329 2232 442 2297 dulces
458 2234 608 2298 oluerunt
621 2256 719 2298 marre
735 2237 908 2300 Camenae.
1106 2241 1127 2303 ὅ

151 2333 322 2397 Laudibus
337 2335 483 2417 arguitur
498 2336 565 2397 vini
580 2336 715 2399 vinosus
729 2337 909 2401 Homerus:

152 2432 282 2495 Ennius
297 2433 364 2515 ipse
380 2443 470 2516 pater
484 2454 654 2515 nunquam
670 2436 733 2497 nisi
747 2448 842 2518 potus
857 2436 899 2499 ad
914 2458 1005 2500 arma

152 2533 303 2596 Prosiluit
317 2532 464 2595 dicenda.
510 2535 631 2596 Forum
647 2535 820 2617 putealque
835 2536 968 2599 Libonis

152 2630 318 2695 Mandabo
331 2631 434 2711 siccis,
451 2631 596 2694 adimam
611 2644 742 2696 cantare
758 2636 894 2715 severis;

153 2732 222 2794 Hoc
237 2731 336 2795 simul
351 2731 448 2811 edixi,
465 2751 529 2794 non
544 2752 711 2795 cessavere
727 2745 839 2815 poetae

153 2830 317 2894 Noctumo
331 2841 451 2893 certare
465 2851 561 2910 mem,
577 2843 686 2913 putere
702 2831 826 2894 diurno.

150 2930 252 3009 Quid,
268 2930 296 2993 si
310 2930 385 3011 quis
400 2930 494 2993 vultu
510 2942 599 2993 torvo
614 2930 700 2993 serus
715 2941 747 2993 et
761 2930 842 3012 pede
857 2932 946 2994 nudo

151 3030 367 3112 Exiguaeque
382 3040 475 3111 togae
490 3029 620 3093 simulet
635 3041 756 3093 textore
771 3032 937 3110 Catonem,

151 3130 351 3193 virtutemne
366 3139 580 3211 repraesentet
595 3149 763 3213 moresque
779 3131 937 3194 Catonisl

151 3230 250 3312 Rupit
264 3229 419 3292 Iarbitam
434 3230 627 3311 Timagenis
642 3232 772 3294 aemula
788 3232 908 3314 lingua,
1091 3234 1125 3294 lr'r

151 3328 239 3392 llum
255 3328 364 3391 studet
379 3330 524 3393 urbanus
541 3329 705 3411 tenditque
720 3332 858 3394 disertus
874 3333 993 3395 haberi.

150 3428 278 3512 llecipit
292 3429 460 3512 exemplar
473 3430 560 3492 vitiis
576 3430 750 3493 imitabile:
772 3431 887 3513 quodsi

150 3528 308 3593 l'allerem
322 3550 411 3609 casu,
427 3531 570 3593 biberent
585 3552 752 3612 exsangue
768 3532 947 3593 cuminum.

149 3627 177 3691 Ο
193 3628 377 3711 imitatores,
394 3650 524 3693 servum
539 3650 646 3713 peouS,
662 3647 698 3692 ut
714 3631 794 3692 mihi
810 3649 904 3709 saepe

151 3728 260 3809 Brlem,
276 3750 372 3813 saepe
382 3731 493 3813 jocum
508 3729 603 3794 vestri
620 3750 746 3792 movere
762 3727 940 3790 tumultus!
1082 3729 1124 3791 ‘20

385 3820 419 3871 14
