2742 4250
487 249 647 300 mann
697 249 781 300 nn
1068 233 1141 304 245

203 409 296 489 Esto,
311 407 385 471 aliis
399 407 480 470 alios
494 407 591 471 rebus
604 406 786 489 studiisque
801 411 918 471 teneri:

205 508 311 573 lidem
324 506 440 570 eadem
454 515 591 589 possunt
604 507 718 570 horam
733 505 850 570 durare
865 506 1058 589 probantes?

206 608 330 674 Nullus
343 607 379 670 in
393 607 468 669 orbe
482 606 575 670 sinus
589 605 678 670 Baiis
693 605 856 688 praelucet
870 607 1025 687 amoenis,

208 708 244 773 Si
258 706 343 770 dixit
357 706 458 787 dives,
473 704 566 770 lacus
579 716 612 768 et
625 725 715 768 mare
730 707 827 769 sentit
841 725 985 770 amorem

208 805 409 871 Festinantis
422 803 510 868 heri:
531 803 586 867 cni
600 805 628 868 si
643 805 759 868 vitiosa
773 803 872 869 libido
1103 807 1144 870 st

208 905 336 970 Fecerit
350 903 543 986 auspicium,
558 923 630 966 cras
644 903 838 968 ferramenta
853 904 1009 968 Teanum

208 1003 356 1083 Tolletis,
371 1002 472 1067 labri!
517 1002 638 1066 lectus
652 1003 790 1088 genialis
804 1003 839 1066 in
854 1002 931 1066 aula
945 1014 1012 1066 est:

211 1103 267 1169 Nil
282 1103 329 1166 ait
341 1123 413 1166 esse
427 1103 525 1185 prius,
541 1102 659 1166 melius
672 1101 720 1164 nil
734 1103 856 1166 caelibe
871 1103 956 1166 vita:

209 1204 326 1268 Sinon
341 1213 398 1282 est,
408 1203 497 1285 jurat
512 1203 593 1264 bene
608 1200 685 1265 solis
699 1221 769 1264 esse
784 1200 915 1267 maritis.

210 1304 290 1373 Quo
303 1313 433 1365 teneam
447 1300 560 1363 vultus
576 1311 756 1370 mutantem
772 1302 886 1365 Protea
901 1300 1008 1366 nodo?
1104 1301 1146 1364 90

211 1401 304 1472 Quid
319 1399 465 1484 pauperi
508 1399 609 1464 Rue:
632 1412 739 1463 mutat
752 1400 937 1482 coenacula,
955 1401 1062 1483 lectoS,

211 1501 344 1580 Balnea,
360 1511 521 1564 tonsores:
543 1497 704 1564 conducto
718 1501 849 1584 navigio
864 1521 967 1584 aeque

210 1600 357 1666 Nauseat
371 1620 410 1662 ac
426 1599 577 1682 locuples,
590 1620 689 1682 quem
703 1600 794 1664 ducit
808 1601 900 1683 priva
915 1602 1060 1664 triremis.

212 1701 250 1766 Si
263 1710 396 1765 curatus
412 1699 576 1782 inaequali
591 1711 717 1764 tonsore
732 1700 866 1783 capillos

213 1801 365 1878 Occurro,
379 1798 483 1863 rides:
506 1799 533 1862 si
548 1797 627 1863 forte
642 1799 805 1864 subucula
820 1821 924 1882 pexae
1106 1800 1148 1864 95

213 1900 309 1964 Trita
323 1899 434 1963 subest
449 1898 587 1981 tunicae,
604 1899 656 1962 vel
671 1899 699 1962 si
714 1910 789 1982 toga
803 1899 936 1962 dissidet
951 1899 1062 1982 impar,

213 1999 332 2064 Rides:
353 1998 442 2080 quid,
458 2019 531 2063 mea
545 2019 623 2062 cum
638 2011 763 2088 pugnat
778 1999 936 2064 sententia
951 2019 1070 2079 secum,

214 2099 315 2171 Quod
329 2098 428 2182 petiit,
444 2099 581 2183 spemit3
604 2100 716 2183 repetit
730 2097 816 2183 quod
833 2119 934 2183 nuper
948 2098 1063 2180 omisit,

213 2201 360 2279 Aestuat,
375 2209 407 2263 et
422 2200 507 2263 vitae
522 2199 725 2263 disconvenit
739 2200 849 2264 ordine
865 2209 937 2281 toto,

214 2300 332 2379 Dirui't,
346 2298 507 2379 aedificat,
522 2310 629 2363 mutat
642 2298 802 2383 quadrata
816 2299 986 2364 rotundis?
1089 2300 1149 2363 100

213 2399 361 2464 lusanire
375 2409 472 2481 putas
486 2399 631 2463 solennia
645 2419 707 2479 me,
723 2419 827 2483 neque
843 2399 933 2479 rides,

214 2499 284 2563 Nec
298 2498 415 2562 medici
429 2496 534 2561 eredis
548 2518 608 2561 nec
622 2499 778 2562 curatoris
792 2519 884 2582 egere

216 2601 245 2663 Α
259 2608 403 2683 praetore
417 2597 494 2679 dati,
510 2616 617 2664 rerum
632 2598 734 2661 tutela
748 2618 896 2663 mearum

216 2698 304 2778 Cum
318 2698 362 2761 sis
377 2708 409 2761 ct
419 2716 517 2779 prave
533 2708 658 2761 sectum
673 2696 883 2761 stomacheris
898 2698 939 2761 ob
954 2716 1098 2780 unguem

218 2798 268 2863 De
283 2795 506 2881 tependentis,
522 2807 552 2861 te
568 2797 764 2882 respicientis
778 2796 883 2860 amici.
1089 2796 1150 2858 105

217 2895 269 2961 Ad
284 2912 464 2961 summam
485 2896 615 2980 sapiens
630 2916 697 2961 uno
711 2896 816 2960 minor
829 2907 878 2959 est
891 2894 980 2975 Jove,
992 2894 1093 2974 dives,

216 2996 321 3077 Liber,
336 2996 520 3079 honoratus,
536 2997 678 3080 pulcher,
694 3017 751 3061 rex
766 2994 908 3079 denique¹
921 3016 1043 3081 regum,

216 3096 392 3177 Praecipue
407 3116 516 3184 sanus,
531 3097 594 3161 nisi
608 3118 686 3161 cum
701 3096 817 3181 pituita
831 3097 967 3163 molesta
982 3107 1039 3161 est
