2742 4250
459 270 618 321 maner
667 271 772 322 arv,
1046 257 1117 328 183

98 433 184 496 (lum
196 430 313 494 flueret
327 428 517 510 lutulentus,
533 431 603 492 erat
617 428 706 510 quod
720 429 828 492 tollere
844 429 962 493 velles:
1003 465 1006 470 ·

98 531 255 595 Garrulus
270 540 369 612 atque
384 531 474 611 piger
487 528 648 592 scribendi
663 529 743 592 ferre
759 529 908 610 laborem,

97 630 264 697 Scribendi
278 639 384 711 recte3
408 648 486 690 nam
500 629 702 708 mmmmm,
719 629 765 691 nil
780 649 892 692 moror.
937 631 1032 711 Ecce,

98 731 266 814 Crispinus
281 729 417 792 minimo
432 747 485 790 me
498 739 670 810 provocat:
693 729 820 811 Accipe,
837 730 864 792 si
879 729 938 810 vis

98 830 266 912 Accipiam
281 827 429 908 tabulas3
451 825 545 890 detur
558 828 651 890 nobis
666 827 766 908 locus
783 829 870 909 hora,
1077 831 1117 892 15

28 993 34 1004 ‚
98 928 258 991 Custodes
271 949 279 1009 ;
302 927 483 1006 videamus,
500 936 570 988 uter
584 947 658 1008 prus
674 928 811 990 scribere
826 929 934 1010 possit.

98 1029 142 1090 Dt
156 1029 239 1090 bene
253 1026 408 1105 fecerunt,
424 1025 528 1107 inopis
541 1045 594 1087 me
609 1026 761 1108 quodque
776 1027 885 1109 pusilli

99 1128 283 1190 linxerunt
297 1126 407 1205 animi,
422 1145 494 1188 raro
508 1135 542 1187 et
554 1145 716 1207 perpauca
732 1127 902 1208 loquentis,

99 1228 140 1290 At
155 1237 193 1289 tu
207 1224 379 1288 conclusas
394 1225 525 1287 hircinis
539 1223 669 1287 follibus
684 1245 789 1306 auras,

13 1320 14 1381 Ῑ
97 1327 211 1408 Usque
226 1326 415 1406 laborantes,
432 1325 512 1388 dum
527 1323 647 1390 ferrum
661 1327 786 1390 molliat
801 1327 893 1409 ignis,
1077 1323 1118 1386 20

13 1446 14 1463 ¹
99 1428 143 1490 Ut
158 1427 273 1506 mavis,
289 1426 421 1488 imitare.
466 1425 586 1488 Beatus
601 1425 751 1490 Fannius
767 1427 850 1490 ultro

12 1540 15 1557 ³
99 1526 227 1588 Delatis
240 1526 347 1606 capsis
362 1535 394 1586 et
407 1525 568 1606 imagine3
591 1542 668 1588 cum
683 1545 757 1588 mea
772 1545 866 1589 nemo

98 1626 226 1706 Scripta
241 1625 335 1706 legat,
351 1624 451 1706 vulgo
465 1622 596 1686 recitare
611 1625 762 1704 timentis,
779 1627 820 1688 ob
836 1627 920 1690 hanc
936 1647 1011 1707 rem,

13 1731 14 1734 ’
99 1724 203 1796 Quod
218 1735 303 1803 sunt,
319 1742 401 1805 quos
416 1741 518 1806 genus
533 1723 594 1786 hoc
609 1725 742 1787 minime
753 1727 855 1808 juvat,
873 1737 985 1809 utpote.
997 1727 1104 1809 plures

99 1825 236 1910 Culpari
249 1824 372 1908 dignos.
417 1821 579 1894 Quemvis
593 1824 701 1887 media
716 1845 791 1887 erue
807 1825 919 1906 turba'3
1076 1826 1119 1890 25

100 1929 171 1992 Aut
184 1926 226 1988 ob
240 1925 409 1987 avaritiam
424 1934 482 1986 aut
496 1924 612 1987 misera
627 1925 802 1987 ambitione
818 1924 948 1988 laborat.

101 2027 165 2092 Hic
180 2035 353 2107 nuptamm
369 2024 489 2086 insanit
504 2025 675 2104 amoribus,
692 2025 745 2086 hic
761 2043 949 2105 puerorum

101 2128 201 2190 Hunc
216 2126 302 2207 capit
316 2123 440 2209 argenti
454 2123 624 2206 splend0r3
648 2135 755 2207 stupet
771 2123 887 2189 Albius
902 2146 994 2206 aere;

101 2226 165 2289 Hic
179 2235 285 2287 mutat
300 2244 421 2285 merces
436 2234 586 2305 surgente
601 2244 621 2285 a
637 2225 712 2287 Sole
728 2224 770 2287 ad
786 2244 870 2305 eum,
887 2245 952 2307 quo

13 2319 15 2332 ’
102 2324 291 2405 vespertina
306 2332 391 2404 tepet
407 2324 511 2403 regio:
532 2324 612 2403 quin
629 2344 684 2406 per
698 2324 785 2385 mala
800 2344 951 2407 praeceps
1078 2326 1120 2388 30

104 2426 226 2502 Fertur,
242 2423 289 2485 uti
304 2422 412 2504 pulvis
425 2423 580 2484 collectus
596 2416 730 2503 turbiue,
746 2424 882 2505 nequid

102 2525 242 2587 Summa
256 2520 408 2603 deperdat
423 2532 579 2601 metuens,
596 2534 653 2587 aut
666 2524 800 2605 ampliet
815 2534 851 2587 ut
866 2536 941 2587 rem:

102 2622 227 2686 Omnes
241 2620 277 2683 hi
290 2631 441 2682 metuunt
455 2640 577 2699 versus,
592 2620 686 2684 odere
701 2633 865 2704 poetas.—

102 2723 254 2785 Foenum
268 2720 366 2782 habet
379 2720 413 2782 in
427 2739 546 2802 comu3
563 2721 658 2802 longe
672 2722 767 2803 fuge:
790 2722 967 2788 dummodo
978 2724 1078 2785 risum

102 2820 261 2884 Excutiat
275 2818 344 2898 sibi,
359 2837 425 2881 non
439 2818 493 2881 hic
507 2820 662 2901 cuiquam
675 2824 921 2903 parcet-amico:
1080 2823 1121 2885 35

13 2911 14 2934 ¹
103 2920 155 3000 Et,
165 2920 381 3003 quodcunque
391 2918 617 2983 semelchartis
632 2920 775 3001 illeverit,
792 2940 903 2983 omnes
956 2982 958 2987 .

13 3067 14 3070 η
103 3019 226 3082 Gestiet
240 3038 262 3079 a
276 3015 372 3079 furno
384 3016 556 3079 redeuntes
570 3015 651 3080 scire
665 3019 805 3101 lacuque

103 3120 148 3182 Et
162 3136 279 3201 pueros
293 3125 326 3177 et
339 3116 635 3199 anus—Agedum,
651 3137 757 3200 pauca
772 3120 881 3203 accipe
895 3132 1015 3184 contra.

106 3219 252 3283 Primum
266 3236 326 3298 ego
340 3236 392 3278 me
407 3216 544 3297 illorum,
559 3217 703 3281 dederim
718 3220 836 3299 quibus
851 3242 920 3283 esse
935 3223 1044 3303 poetis,

107 3318 290 3398 Excerpam
305 3319 459 3379 numero:
482 3317 689 3398 nequeenim
704 3319 893 3382 concludere
909 3340 1039 3383 versum
1082 3320 1122 3385 lt

110 3416 237 3483 Dixeris
252 3433 322 3477 esse
337 3416 433 3479 satis:
456 3433 570 3498 neque,
583 3410 613 3480 si
628 3418 702 3499 quis
717 3420 842 3498 scribat,
859 3420 905 3482 uti
922 3440 988 3498 nos,

13 3507 15 3523 ’
107 3514 254 3582 Sermoni
269 3515 428 3597 propiora,
438 3526 531 3597 putes
546 3518 635 3579 hunc
648 3537 720 3579 esse
736 3528 872 3600 poetam.

226 3685 263 3733 15.
284 3685 375 3745 Accipe
383 3683 442 3744 jam.
508 3685 548 3735 25.
566 3687 644 3748 elige;
661 3703 734 3748 enpe.
800 3688 841 3737 26.
859 3688 1009 3737 abnueritis.

387 3765 427 3815 39.
445 3775 536 3827 poetas.
617 3769 657 3815 41.
675 3768 755 3827 siqui,
768 3766 883 3817 Orellius.
