2742 4250
441 248 552 297 LIBER
576 247 630 297 111.
680 248 711 297 O.
736 248 789 297 ΠΙ.

266 410 343 471 Dux
359 405 495 488 inquieti
510 403 659 469 turbidus
674 404 827 484 Hadriae,

262 508 332 572 Neo
347 504 552 571 fulminantis
566 524 689 587 magna
702 524 822 567 manus
836 503 947 570 Joris:

307 606 343 670 Si
358 604 480 668 fractus
495 604 646 667 illabatur
660 604 753 683 orbis,

352 703 561 787 Impavidum
575 703 690 767 ferient
703 703 824 770 ruinae.

265 905 339 968 Hae
353 913 420 966 arte
434 902 553 966 Pollux
567 914 600 965 et
614 921 720 985 vagus
734 902 892 969 Hercules

268 1003 393 1067 Euisus
407 1021 496 1081 arces
511 1001 617 1084 attigit
630 1020 753 1084 igneas,

313 1103 407 1172 Quos
422 1101 505 1164 inter
519 1102 691 1184 Augustus
705 1101 897 1163 recumbens

354 1202 519 1285 Purpureo
534 1200 614 1276 bibit
628 1219 681 1262 ore
696 1208 815 1267 nectar.

270 1400 342 1463 Hac
357 1408 387 1461 te
403 1409 589 1479 merentem,
605 1399 735 1486 Baecbe
748 1407 853 1481 pater,¹
863 1406 938 1461 tuae

271 1499 393 1563 l'exere
409 1499 514 1582 tigres,
529 1498 659 1563 indocili
669 1491 789 1583 jugum

312 1598 404 1661 Collo
418 1599 598 1677 trahentes,
621 1599 685 1662 hae
701 1598 862 1669 Quirinus

356 1697 470 1762 Martis
484 1698 577 1779 equis
592 1698 778 1777 Acheronta
792 1697 885 1780 fugit,

272 1897 410 1961 Gratum
424 1895 551 1959 elocuta
565 1896 810 1960 consiliantibus
858 1980 862 1983 ῃ

270 1996 400 2061 Junone
413 1994 517 2060 diris:
540 2002 558 2036 “
567 1996 659 2077 Ilion,
673 1996 756 2060 Ilion

313 2096 439 2162 Fatalis
454 2095 662 2179 incestusque
672 2094 775 2180 judex

358 2195 403 2259 Et
415 2195 537 2276 mulier·
547 2199 715 2278 peregrina
728 2195 822 2260 vertit

272 2410 311 2473 In
325 2408 501 2492 pulverem,
517 2418 559 2473 ex
574 2428 639 2493 quo
654 2406 800 2472 destituit
814 2408 891 2471 deos

272 2507 419 2572 Mercede
433 2518 530 2592 pacta
543 2507 740 2589 Laomedon,
754 2509 837 2572 milri

317 2609 498 2690 Uestaeque
513 2607 708 2672 damnatum
722 2609 888 2672 Minervae

358 2709 444 2772 eum
458 2708 578 2791 populo
591 2719 623 2772 et
637 2701 721 2776 duee
735 2706 949 2774 fraudulento.

270 2921 348 2987 Jam
361 2941 421 2984 nec
435 2921 605 2985 Lacaenae
620 2921 768 3005 splendet
781 2920 945 2984 adulterae
1086 2920 1129 2984 25

273 3022 435 3085 Famosus
448 3022 574 3105 hospes,
589 3041 649 3086 nec
665 3021 787 3086 Priami
800 3020 917 3084 domus

315 3121 446 3204 Periura
459 3140 626 3204 pugnaees
640 3122 786 3187 Achivos

357 3219 521 3284 Hectoreis
536 3221 650 3304 opibus
665 3221 815 3306 refringit,

273 3433 461 3517 Nostrrsque
475 3435 612 3500 ductum
628 3400 838 3502 seditionilius

273 3533 403 3597 Bellum
421 3534 547 3598 resedit.
590 3536 742 3600 Protinus
757 3547 917 3619 etgraves
1088 3532 1128 3593 30

263 3731 287 3782 t.
304 3710 420 3784 triremi.
556 3736 593 3786 ιο.
612 3737 716 3785 rnnuus.
849 3735 886 3784 12.
903 3734 977 3783 einer.
