2742 4250
452 222 563 272 nmnn
587 224 626 272 11.
676 225 705 273 s,
731 223 795 274 vn.
1058 211 1127 286 237

102 383 276 444 Praetereo
291 377 420 460 sapiens
435 389 596 461 argentea.
640 379 737 444 Tolle
750 381 916 463 periclum,

99 481 186 545 Jam
199 498 285 561 vaga
300 476 442 561 prosiliet
456 477 555 542 irenis
570 489 687 543 natura
703 481 841 544 remotis.

98 580 208 643 Tune
222 579 304 641 mihi
318 577 480 658 dominns,
495 598 603 642 rerum
617 579 759 661 imperiis
775 580 1008 664 bominumque
1086 581 1126 650 75

98 679 176 741 Tot
190 678 351 758 tantisque
366 676 479 756 minor,
493 697 592 758 quem
606 687 652 740 ter
666 678 811 742 vindicta
825 689 1002 762 quaterque

100 778 264 860 Imposita
279 776 371 840 baud
385 796 534 858 unquam
548 777 665 841 misera
679 777 848 843 formidine
862 780 987 861 privet?

99 877 202 940 Adde
217 896 321 958 super,
337 875 432 938 dietis
446 875 534 957 quod
547 895 614 939 non
629 876 734 940 levius
749 878 875 942 valeat:
898 899 984 958 nam,

98 977 186 1040 Sive
200 975 343 1038 vicarius
357 985 415 1054 est,
430 975 488 1057 qni
502 995 594 1038 servo
608 986 706 1058 paret,
723 977 771 1041 uti
785 997 856 1040 mos

101 1075 221 1138 Vester
235 1076 288 1155 ait,
301 1095 360 1138 seu
373 1094 564 1138 conservus:
580 1075 638 1138 tibi
652 1076 733 1157 quid
748 1096 823 1139 sum
837 1077 917 1160 ego?
940 1079 1065 1161 Nempe
1086 1081 1127 1144 80

99 1176 175 1255 Tu,
189 1175 271 1237 mihi
285 1175 343 1256 qni
358 1174 531 1256 imperitas,
547 1174 603 1236 alii
616 1175 717 1264 servis
732 1175 837 1256 miser,
853 1186 951 1258 atque

102 1274 254 1354 Dnceris,
270 1284 308 1337 nt
321 1275 429 1338 nervis
443 1273 558 1338 alicnis
572 1274 689 1337 mobile
704 1275 883 1356 lignum.—

101 1373 275 1442 Quisnam
289 1373 386 1456 igitur
400 1372 479 1437 liber
487 1373 691 1456 ‘l-SapienS,
708 1375 769 1438 sibi
784 1376 840 1457 qui
856 1377 1054 1458 imperiosus,

102 1474 221 1540 Quem
230 1493 336 1554 neque
346 1473 513 1555 pauperies
522 1493 628 1554 neque
640 1467 841 1557 mors'neque
853 1476 986 1540 vincula
997 1486 1128 1540 terrent:

58 1597 67 1610 =
102 1573 309 1654 Responsare
324 1572 539 1655 cupidinibus,
554 1583 757 1638 contemnere
773 1574 908 1640 honores
1086 1577 1128 1642 85

106 1674 223 1752 FortiS,
240 1682 272 1735 et
287 1673 321 1735 in
336 1693 370 1734 se
385 1673 454 1754 ipso
470 1683 564 1753 totus,
579 1683 660 1735 teres
675 1683 772 1756 atque
787 1674 953 1755 rotundae,

106 1772 247 1836 Extemi
261 1793 302 1834 ne
317 1771 397 1854 quid
411 1772 519 1836 valeat
532 1773 672 1855 perleve
688 1774 812 1852 morari,

107 1872 149 1934 [n
163 1892 263 1954 quern
277 1891 395 1934 manca
409 1873 472 1934 ruit
487 1892 612 1955 semper
625 1871 763 1936 fortuna.
808 1873 944 1945 Potesne

107 1970 164 2033 Ex
179 1972 240 2050 bis,
257 1981 294 2033 ut
307 1972 479 2053 proprium,
495 1971 574 2052 quid
588 1970 743 2034 noscere?
786 1971 944 2052 Quinque
963 1971 1085 2034 talenta

108 2070 216 2134 Poscit
231 2082 262 2133 te
276 2070 409 2154 mulicr;
433 2080 539 2151 vexat,
557 2070 742 2153 foribusque
757 2069 924 2153 repulsum
1084 2072 1126 2135 90

109 2170 278 2234 Perfundit
292 2170 416 2252 gelida;
440 2191 551 2233 rursus
566 2182 679 2234 vocat:
702 2171 787 2252 eripe
802 2170 887 2252 turpi

108 2270 201 2333 Colla
211 2272 308 2354 jugo:
331 2270 434 2350 Liber,
452 2270 530 2333 liber
544 2291 628 2349 sum,
643 2270 697 2333 dic
711 2272 791 2352 age!
837 2271 910 2334 Non
926 2272 1017 2353 quis:

109 2370 210 2453 Urget
224 2370 312 2433 enirn
327 2369 479 2433 dominus
495 2380 637 2433 mentem
651 2390 717 2433 non
733 2369 822 2450 leniS,
838 2381 871 2432 et
885 2391 974 2433 aeres

109 2471 276 2555 Subjectat
291 2470 377 2532 lasso
391 2470 547 2549 stimuloS,
563 2479 734 2551 versatque
750 2480 933 2551 negantem.

111 2569 168 2632 Vel
182 2589 260 2633 cum
275 2570 436 2633 Pausiaca
450 2580 563 2652 torpes,
579 2570 702 2649 insane,
719 2570 845 2649 tabella,
1086 2569 1126 2632 95

110 2670 180 2737 Qut
194 2688 310 2751 peccas
325 2670 434 2732 minus
450 2680 547 2751 atque
562 2689 630 2750 ege,
646 2689 723 2732 cum
738 2669 838 2733 Fulvt
852 2669 1071 2749 Rutubaeque

110 2768 176 2830 Ant
191 2766 376 2830 Pacideiani
390 2777 541 2831 contento
556 2766 673 2849 poplite
689 2768 785 2829 miror

112 2866 245 2947 Proelia,
261 2867 387 2934 rubrica
401 2867 488 2949 picta
502 2878 559 2931 aut
573 2868 720 2946 carbone,
736 2866 827 2927 velut
842 2866 870 2926 si

111 2968 158 3029 Re
173 2987 251 3029 vera
264 2976 418 3048 pugnent,
435 2966 550 3030 feriant
564 2968 731 3048 vitentque
746 2973 913 3027 moventes

112 3071 212 3129 Arma
227 3065 310 3129 viri?
353 3064 506 3148 Nequam
521 3077 553 3129 et
567 3076 707 3129 cessator
722 3065 847 3145 DavuS,
864 3074 898 3126 at
913 3064 979 3147 ipse
1068 3064 1126 3127 lou

113 3164 245 3228 subtilis
260 3177 405 3227 veterum
415 3166 518 3249 Judex
533 3176 565 3228 et
579 3165 717 3229 callidus
733 3164 837 3227 audis.

115 3264 167 3327 Nil
182 3284 250 3346 ege,
267 3264 294 3325 si
309 3262 408 3327 ducor
422 3265 487 3327 libo
502 3264 667 3329 fumante:
691 3264 748 3327 tibi
763 3264 878 3345 ingens

115 3363 221 3426 Virtus
237 3371 335 3445 atque
349 3363 480 3428 animus
494 3364 603 3427 coenis
618 3373 784 3446 responsat
798 3362 937 3445 opimis?

115 3462 317 3545 Obsequium
331 3463 452 3525 ventris
467 3463 547 3526 mibi
562 3463 771 3547 perniciosius
786 3471 835 3524 est
849 3460 933 3539 curi

457 3695 497 3744 et.
514 3693 580 3743 aliis.
644 3692 683 3743 83.
701 3692 798 3753 sibique.
