2742 4250
482 230 641 281 LIBERI.
692 232 817 283 mxu.

137 389 319 472 adspersus
333 386 420 450 volct
433 386 468 450 In
482 407 632 470 caupona
647 389 774 470 vivere3
798 407 867 470 nee,
882 394 939 473 qui

139 489 255 571 I‘rigus
269 487 406 570 collegit,
422 485 532 550 furnos
547 498 578 550 et
592 487 710 552 balnea
724 487 846 569 laudat,

139 587 181 651 Ut
194 587 394 650 fortunatam
407 585 500 669 plene
514 588 710 670 praestantia
724 588 836 652 vitam.
884 669 894 679 ἱ

137 687 214 766 Nec,
229 685 759 770 sitevalidusjactaveritnusrer
774 688 896 768 inalto,
1115 693 1154 756 15

138 785 259 848 Idcirco
273 805 394 848 navem
407 796 497 849 trans
510 786 658 868 Aegeum
672 805 761 850 mare
775 786 909 850 vendas.

137 884 296 948 Incolumi
311 882 444 947 Rhodos
457 894 490 946 et
504 883 662 966 Mitylene
676 885 813 967 pulchra
828 884 913 965 facit,
930 885 1017 967 quod

137 983 283 1046 Paenula
297 982 439 1062 solstitio,
454 992 633 1064 campestre
646 982 811 1046 nivalibus
826 985 922 1064 auris,

136 1083 197 1145 Per
210 1083 362 1145 brumam
378 1082 511 1162 Tiberis,
526 1081 643 1147 Sextili
656 1102 769 1146 mense
783 1084 941 1147 caminus.

137 1182 228 1245 Dum
243 1181 324 1262 licet,
340 1202 379 1245 ac
393 1182 524 1245 vultum
538 1191 645 1244 servat
660 1183 805 1246 Fortuna
819 1183 1005 1266 benignum,
1112 1184 1155 1246 20

136 1280 260 1342 Romae
274 1279 424 1344 laudetur
437 1281 554 1344 Samos
567 1291 600 1343 et
614 1279 714 1344 Chios
727 1291 760 1343 et
773 1281 906 1346 Rhodos
921 1282 1047 1345 absens.

135 1379 202 1458 Tu,
218 1398 449 1461 quamcunque
463 1380 545 1443 deus
559 1380 616 1442 tibi
631 1378 841 1444 fortunaverit
855 1381 977 1460 horam,

135 1481 237 1541 Grata
251 1497 343 1541 sume
357 1498 469 1559 manu,
483 1498 549 1542 neu
563 1477 673 1542 dulcia
688 1477 780 1542 differ
794 1479 828 1542 in
843 1497 987 1561 annum;

136 1577 189 1653 Ut,
205 1597 400 1659 quocunque
415 1577 485 1640 loco
498 1576 606 1657 fueris,
622 1578 742 1641 vixisse
758 1577 892 1641 libenter

136 1677 188 1740 'I'e
203 1677 312 1740 dicas:
335 1697 413 1740 nam
428 1677 455 1739 si
470 1677 551 1739 ratio
564 1687 597 1739 et
610 1676 781 1759 prudentia
794 1697 898 1756 curas,
1109 1678 1152 1740 25

138 1776 212 1839 Non
226 1776 325 1856 locus,
340 1776 435 1839 effusi
449 1775 513 1838 late
527 1776 625 1839 maris
640 1776 764 1855 arbiter,
780 1775 902 1839 aufert:

136 1875 282 1955 Coelum,
297 1895 363 1938 non
377 1875 534 1956 animum,
549 1884 686 1954 mutant,
702 1874 759 1956 qui
774 1885 862 1937 trans
877 1893 966 1936 mare
980 1887 1124 1938 currunt.

137 1975 276 2038 Strenua
291 1995 350 2037 nos
364 1985 492 2038 exercet
506 1975 637 2039 Inertia:
659 1974 800 2038 navibus
816 1983 914 2055 atque

136 2073 315 2158 Quadrigis
328 2075 469 2158 petimus
482 2074 564 2139 bene
578 2073 706 2138 viuere..
740 2073 841 2145 Quod
855 2071 945 2156 petis,
961 2072 1015 2136 hic
1030 2082 1087 2154 est,

140 2174 198 2238 list
211 2174 350 2256 Ulubris,
366 2174 496 2239 animus
510 2174 539 2237 si
553 2184 584 2237 te
599 2194 665 2238 non
679 2173 788 2238 deficit
803 2193 936 2256 aequus.
1119 2163 1160 2227 30

489 2717 704 2780 EPISTOLA
731 2716 806 2778 XII.

522 2914 771 2959 nn1cclum.

185 3096 355 3159 Fructibus
369 3094 530 3177 Agrippae
544 3092 672 3173 Siculis
688 3110 770 3174 quos
785 3089 918 3173 colligis,
934 3086 1008 3168 Ioci,

140 3195 174 3258 81
190 3204 275 3257 rcctc
288 3193 410 3273 frueris,
425 3214 491 3257 uon
506 3202 563 3273 est,
578 3201 615 3257 ut
629 3193 722 3274 copia
737 3191 837 3275 major

143 3294 193 3358 Ab
208 3292 289 3356 Jove
302 3292 415 3355 donari
429 3292 529 3375 possit
544 3291 610 3355 tibi.
655 3289 751 3354 Tolle
766 3288 931 3372 querelas:

144 3390 269 3472 Pauper
282 3390 371 3453 enim
385 3410 451 3453 non
465 3400 526 3471 est,
538 3390 591 3453 cui
606 3409 714 3451 rerum
729 3388 868 3470 suppetit
882 3406 970 3449 usus.

142 3490 179 3554 Si
193 3489 298 3553 ventri
311 3491 401 3570 bene,
417 3490 445 3552 si
459 3490 550 3553 lateri
564 3499 613 3552 est
627 3487 827 3570 pedibusque
842 3485 915 3564 tuis,
931 3484 977 3546 nil
1139 3482 1157 3540 b

147 3589 286 3655 Divitiae
300 3598 448 3672 poterunt
462 3588 585 3670 regales
599 3586 717 3651 addere
731 3588 845 3670 majus.

146 3688 181 3753 Si
196 3686 274 3751 forte
299 3688 332 3750 in
348 3687 453 3750 medio
467 3688 641 3770 positorum
656 3684 841 3765 abstemius,
857 3679 968 3744 herbis
