2742 4250
472 247 583 296 amna
607 248 631 297 1.
682 248 709 298 s.
735 249 771 298 v.
1058 232 1128 302 189

152 404 314 470 Sarmenti
329 423 459 466 scurrae
473 423 619 487 pugnam
633 404 797 486 Messlque
813 405 933 485 Cicirrr,

135 506 139 511 ’
153 504 257 590 Musa,
273 504 375 566 velim
388 523 553 583 memores,
570 513 601 565 et
616 523 681 584 quo
696 515 786 585 patre
800 515 897 567 natus
913 514 1045 587 uterque

152 605 332 668 Contulerit
346 603 427 666 lites.
472 604 573 667 Messi
587 603 712 666 clarum
727 623 831 685 genus
846 605 941 686 Osei;

151 704 315 768 Sarmenti
329 703 461 767 domina
476 711 601 765 exstat:
624 703 667 765 ab
680 703 733 764 his
748 704 921 787 majoribus
935 704 994 766 orti
1087 708 1128 768 55

151 803 201 866 ad
216 820 369 885 pugnam*
379 822 505 865 venere.
550 801 638 865 Prior
652 803 862 866 Sarmentus:
886 803 974 885 Equi
990 812 1020 864 te

152 903 234 965 Esse
249 901 310 964 feri
324 902 471 981 similem,
487 901 569 963 dieo.
612 901 779 982 ludamus,
795 914 827 964 et
841 903 909 984 ipse

151 1001 313 1064 Messius:
338 1001 488 1083 Accipio;
511 1010 657 1082 caputet
671 1011 788 1064 movet
834 1002 873 1080 O,
890 1011 947 1063 tua
961 1021 1063 1067 cornu

153 1100 197 1163 Ni
212 1102 294 1164 roret
309 1111 438 1162 exsecto
452 1098 548 1179 frons,
564 1100 677 1182 inquit,
689 1099 768 1181 quid
784 1099 912 1180 faceres,
928 1121 1005 1165 euru

152 1200 206 1264 Sic
220 1199 359 1262 mutilus
373 1199 552 1262 miniteris?
595 1200 640 1261 At
654 1200 701 1261 illi
716 1198 809 1262 foeda
823 1201 957 1263 cicatrix
1089 1201 1131 1263 60

152 1301 303 1362 Setosam
317 1298 402 1361 laevi
415 1297 553 1361 frontem
567 1309 751 1381 turpaverat
766 1301 837 1362 oris.

153 1399 363 1480 Campanum
377 1397 412 1460 in
426 1398 583 1477 morbum,
599 1398 633 1460 iu
648 1396 766 1461 faeiem
781 1400 940 1481 permulta
950 1400 1087 1482 jocatus,

152 1499 320 1560 Pastorem
335 1497 465 1559 saltaret
480 1498 528 1559 uti
543 1497 696 1579 Cyclopa,
711 1499 862 1579 rogabat:

154 1598 207 1661 Nil
222 1597 271 1659 illi
285 1597 376 1658 larva
390 1606 448 1658 aut
463 1596 591 1677 tragicis
605 1615 687 1678 opus
702 1617 773 1659 esse
787 1598 961 1661 cothurnis.

154 1697 260 1760 Multa
275 1696 416 1758 Cicirrus
430 1695 473 1757 ad
488 1696 588 1758 haec:
611 1695 763 1758 donasset
772 1698 884 1781 jamne
899 1707 1047 1760 catenam
1088 1699 1129 1761 65

157 1797 209 1858 Ex
222 1805 298 1858 voto
314 1795 460 1874 Laribus,
476 1795 668 1876 quaerebat:
693 1796 796 1858 scriba
810 1794 898 1876 quod
912 1807 1003 1876 esset,

158 1894 306 1957 Deterius
320 1893 421 1956 nihilo
436 1893 587 1956 dominae
597 1895 651 1977 jus
666 1915 746 1956 esse.
790 1894 938 1976 Rogabat

156 1995 314 2074 Denique,
328 2013 387 2055 eur
401 2013 549 2075 unquam
564 1993 707 2076 fugisset,
724 1994 777 2055 cui
793 1995 870 2056 satis
886 2015 953 2058 una

155 2093 264 2157 Farris
279 2093 359 2155 libra
374 2091 460 2173 foret,
477 2093 588 2175 gracili
603 2094 658 2174 sie,
675 2103 807 2176 tamque
822 2094 962 2176 pusillo'.l

155 2194 289 2256 Prorsus
298 2192 444 2275 jucunde
458 2189 593 2255 coenam
608 2192 821 2276 produximus
836 2194 934 2256 illam.
1088 2194 1130 2257 to

155 2292 339 2355 Tendimus
350 2292 426 2353 hinc
438 2303 524 2355 reeta
535 2293 769 2373 Beneventum,
783 2294 838 2355 ubi
850 2292 983 2355 sedulus
996 2296 1111 2375 hospes

155 2392 262 2454 Paene
277 2411 403 2453 macros
418 2393 495 2454 arsit
509 2392 591 2455 dum
606 2392 717 2455 turdos
731 2404 838 2455 versat
853 2394 887 2455 in
902 2393 986 2474 igni:
1011 2468 1013 2473 Ι

155 2491 243 2553 Nam
256 2510 343 2571 vaga
356 2510 412 2571 per
426 2501 566 2553 veterem
581 2491 707 2573 dilapso
722 2490 856 2554 flamma
870 2491 1013 2554 culinam

156 2590 313 2669 Vulcano,
329 2609 497 2652 summum
511 2592 699 2672 properabat
714 2590 855 2653 lambere
871 2601 1000 2653 tectum.

157 2690 323 2752 Convivas
337 2688 451 2751 avidos
465 2708 601 2752 coenam
618 2710 790 2771 servosque
806 2691 955 2753 timentes
1090 2690 1131 2753 75

158 2789 251 2852 Tum
265 2807 375 2870 rapere
389 2799 488 2869 atque
503 2808 615 2851 omnes
630 2790 827 2871 restinguere
843 2789 925 2851 velle
941 2788 1074 2851 videres.

159 2888 276 2971 Incipit
291 2908 334 2949 ex
348 2887 403 2949 illo
417 2898 542 2949 montes
557 2888 676 2970 Apulia
691 2900 782 2951 notos

159 2988 331 3051 Ostentare
346 2987 434 3066 mihi,
451 3007 532 3068 quos
548 2998 641 3051 torret
654 2988 826 3067 Atabulus,
843 2998 875 3049 et
891 3005 973 3068 quos

158 3089 340 3168 Nunquam
355 3106 548 3168 erepsemus,
564 3087 626 3149 nisi
642 3107 700 3149 nos
716 3088 825 3149 vicina
840 3086 964 3149 Tr1vici

158 3188 244 3251 Villa
258 3187 437 3268 recepisset,
453 3186 620 3249 lacrimoso
634 3207 701 3249 non
716 3188 785 3250 sine
800 3185 900 3265 sume,
1092 3187 1132 3249 80

160 3288 249 3350 Udos
262 3305 341 3347 euru
355 3286 439 3347 foliis
454 3306 560 3349 ramos
574 3296 685 3349 urente
700 3286 828 3349 camino
830 3331 940 3348 .....

159 3386 313 3455 Quatuor
327 3385 403 3447 hinc
418 3386 562 3467 rapimur
576 3386 691 3469 viginti
705 3396 737 3448 et
752 3386 853 3448 millia
868 3384 983 3461 rhedis,

160 3485 309 3549 Mansuri
324 3484 484 3567 oppidul0,
500 3485 587 3567 quod
602 3504 698 3547 versu
714 3484 817 3547 dicere
832 3503 897 3546 non
912 3492 968 3561 est,

124 3654 158 3703 ld.
176 3656 304 3710 minitaris,
316 3654 435 3703 Orelliur.
519 3655 558 3703 67.
576 3653 650 3702 Nullo
662 3654 780 3713 deterim3
797 3652 882 3702 Nihilo
894 3651 1005 3708 deterius,
1020 3649 1128 3700 Oretum

268 3735 305 3783 70.
325 3734 485 3795 producimus.
559 3734 598 3783 72.
616 3732 697 3783 Paene
710 3734 775 3791 arsit,
786 3748 880 3781 macros
891 3732 987 3780 durn-.
