2742 4250
407 308 515 359 meaa
539 307 566 358 1.-
614 305 645 357 o.
671 305 805 357 xxxlv.
1064 287 1111 361 ll

308 466 512 547 Plerumque,
528 483 583 547 per
598 481 717 545 purum
730 473 879 528 tonantes

350 565 429 648 Egit
443 583 543 646 equos
558 563 787 645 volucremque
801 581 952 644 currum;

264 749 344 819 Quo
358 747 453 810 bruta
468 746 571 826 tellus,
587 755 619 809 et
632 765 719 828 vaga
733 744 881 825 flumina,

266 848 346 918 Quo
360 846 446 929 Styx
460 855 492 909 et
507 844 602 909 invisi
616 843 745 907 horrida
759 843 902 908 Taenari
1075 842 1115 906 1⁰

309 944 410 1010 Sedes
424 943 662 1025 Atlanteusque
676 943 753 1008 linis

352 1043 551 1108 Concutitur.
595 1042 689 1107 Valet
703 1042 771 1106 ima
785 1040 924 1106 summis

267 1239 404 1319 Mutare,
420 1247 453 1302 et
467 1239 628 1322 insignem
643 1249 790 1304 attenuat
805 1238 896 1319 deus,

269 1338 415 1402 Obscura
429 1357 599 1421 promens:
621 1339 698 1402 hinc
713 1338 840 1421 apicem
854 1358 955 1422 rapax

310 1439 456 1502 Fortuna
470 1457 548 1502 curn
562 1437 695 1502 stridore
709 1449 806 1502 acuto
1079 1436 1114 1498 15

352 1536 500 1617 Sustulit,
516 1537 569 1600 hic
583 1537 729 1620 posuisse
743 1538 873 1621 gaudet

433 2128 613 2191 GARMEN
647 2128 781 2191 XXXV.
860 2197 881 2252 fi

287 2313 338 2357 AB
370 2312 626 2356 FORTUNAM
661 2311 931 2355 Art'rta‘rnit.

96 2522 100 2530 .
207 2474 238 2538 Ο
253 2474 339 2555 diva,
355 2484 483 2557 gratum
498 2494 583 2558 quae
598 2476 681 2559 regis
696 2476 841 2557 Antium,
935 2544 940 2553 ,

207 2574 365 2643 Praesens
379 2573 433 2636 vel
447 2575 513 2637 imo
527 2576 636 2639 tollere
651 2576 692 2639 de
707 2575 812 2659 gradu

249 2672 385 2739 Mortale
399 2692 517 2756 corpus
532 2675 584 2737 vel
599 2676 752 2757 superbos

295 2772 421 2836 Vertere
436 2771 603 2837 funeribus
618 2774 806 2857 triumphos,

206 2970 259 3035 'rc
273 2986 396 3054 pauper
410 2970 511 3034 ambit
525 2972 660 3035 sollicita
674 2992 766 3055 prece

206 3070 304 3135 Ruris
319 3070 462 3151 colonus,
478 3081 509 3134 te
523 3070 690 3135 dominam
703 3073 860 3155 aequoris,

249 3169 452 3253 Quicunque
467 3170 610 3257 Bithyna
625 3171 754 3235 lacessit

291 3268 505 3351 Carpathium
521 3270 656 3353 pelagus
670 3271 791 3334 carina.

206 3465 259 3529 're
274 3466 386 3530 Dacus
402 3486 503 3550 asper,
519 3478 550 3530 te
564 3467 691 3551 profugi
706 3469 858 3552 Scythae,

207 3564 375 3648 Urbesque
390 3577 565 3649 gentesque
580 3579 612 3630 et
627 3566 758 3631 Latium
775 3568 873 3649 ferox,
1080 3566 1114 3627 lrl

247 3664 442 3748 Regumque
457 3677 574 3730 matres
588 3667 796 3731 barbarorum
811 3675 844 3731 et

291 3765 447 3853 Purpurei
462 3776 613 3829 metuunt
628 3767 768 3847 tyranni.
