2742 4250
491 250 681 302 LIBERHI.
731 253 838 304 (MV.

314 406 379 472 Sed
393 407 552 472 bellicosis
567 405 634 470 sata
649 409 835 479 Quiritibus

313 507 384 572 Hac
398 506 469 590 lege
483 505 564 586 dico,
580 527 622 569 ne
636 507 775 571 nimium
789 509 834 592 pii

353 607 529 688 Rebusque
545 605 681 670 fidentes
697 608 805 670 avitae

395 705 501 769 'I'ecta
515 705 616 767 velint
631 725 777 788 reparare
791 707 922 791 Trojae.

311 903 427 988 'l'rojae
443 923 616 966 renascens
631 903 707 967 alite
722 904 852 986 lugubri

313 1003 458 1067 Fortuna
472 1003 554 1066 tristi
568 1001 660 1066 clade
675 1003 848 1084 iterabitur,

353 1103 502 1168 Ducente
516 1102 664 1165 victrices
679 1113 827 1165 catervas

396 1203 541 1286 Conjuge
556 1221 609 1264 rue
624 1201 715 1266 Jovis
729 1212 762 1264 et
776 1221 890 1266 sorore.

310 1399 377 1462 'Per
391 1399 419 1462 si
433 1410 579 1482 resurgat
593 1419 708 1463 murus
723 1400 868 1464 aheneus

312 1498 447 1562 Auctore
462 1497 600 1579 Phoebo,
617 1509 663 1562 ter
677 1510 785 1582 pereat
799 1500 884 1562 meis

351 1597 493 1661 Excisus
509 1597 646 1680 Argivis,
663 1608 711 1662 ter
724 1617 808 1662 uxor

391 1699 496 1782 Capta
510 1699 616 1761 virum
630 1717 809 1782 puerosque
823 1697 944 1783 ploret’

311 1896 384 1959 Non
399 1897 479 1959 haec
490 1897 618 1980 jocosae
633 1898 832 1961 conveniunt
847 1897 945 1979 lyrae.

309 1996 394 2076 Quo,
410 1995 516 2076 Musa,
533 1996 661 2062 tendis?
706 1997 827 2062 Desine
841 1997 993 2080 pervicax

349 2095 477 2161 Referre
492 2116 654 2161 sermones
668 2097 803 2162 deorum
817 2107 850 2163 et

392 2198 515 2281 Magna
529 2196 633 2261 modis
649 2208 782 2262 tenuare
797 2199 914 2282 parvis.

596 2517 715 2529 —

521 2774 701 2837 CARMEN
731 2773 788 2837 lv.

456 2974 511 3017 An
548 2971 856 3017 CALLIOPEN·

295 3150 464 3215 Descende
480 3152 569 3215 coelo
583 3160 614 3214 et
628 3150 681 3215 dic
696 3171 757 3234 age
773 3150 851 3214 tibia

295 3250 419 3332 Regina
433 3250 568 3335 longum
583 3250 727 3332 Calliope
741 3250 851 3329 melea,

335 3352 402 3415 Seu
417 3371 495 3414 voce
510 3370 599 3415 nunc
614 3348 720 3413 mavis
735 3359 840 3428 acuta,

377 3452 444 3515 Seu
460 3450 578 3513 fidibus
594 3450 783 3533 citharaque
797 3447 928 3511 Phoebi.

317 3649 357 3701 69.
373 3650 588 3708 hoc-conveniet,
601 3650 729 3705 Oreliiusr
745 3648 990 3697 haec-convenient.

527 3733 554 3783 0.
566 3733 599 3782 iv.
611 3735 635 3782 4.
653 3732 785 3781 citharave.
