2742 4250
215 170 288 239 244
587 183 842 234 neuronsnuu

214 345 338 426 Magna
352 340 496 405 coronari
510 351 697 404 contemnat
712 340 874 423 Olympio,
891 340 945 404 cui
957 355 1042 422 spes,
1206 344 1254 406 fill

215 444 278 507 Oui
292 443 334 506 sit
348 441 488 505 conditio
503 440 610 504 dulcis
624 441 693 504 sine
708 441 840 522 pulvere
855 440 1007 523 palmae?

217 543 319 605 Vilius
334 552 506 624 argentum
519 550 569 603 est
583 532 859 620 auro,'virtutibus
875 558 1009 602 aurum:

164 689 167 692 >
215 643 244 705 Ο
260 642 357 720 cives,
373 641 471 721 cives,
481 639 672 722 quaerenda
687 640 826 721 pecunia
841 641 983 721 primum
997 649 1065 720 est;

215 741 324 804 Virtus
338 751 410 822 post
424 738 595 809 nummos!
639 739 731 802 Haeo
745 739 850 802 lanus
865 758 1016 803 summus
1029 739 1072 802 ab
1085 737 1158 802 iuro

217 839 378 920 prodocet,
394 840 477 903 baec
490 838 640 902 recinunt
648 839 788 922 juvenes
797 837 924 907 'dictato
938 858 1107 920 senesque,
1204 842 1253 903 55

217 941 326 1004 boeio
341 938 490 1022 suspensi
504 938 627 1001 loculos
642 938 835 1020 tabulasque
850 939 978 1002 lacerto.

216 1039 277 1102 Est
292 1039 423 1101 animus
438 1039 503 1119 tibi,
518 1049 596 1102 suut
610 1057 715 1105 moros
729 1048 762 1101 et
776 1038 890 1120 lingua
903 1037 1060 1120 fidesque,

216 1137 281 1202 Sed
296 1137 542 1220 quadringentis
555 1157 615 1200 sex
629 1148 753 1221 septem
767 1137 869 1200 millia
884 1137 1020 1200 desunt:
1344 1217 1345 1224 ἵ

217 1237 314 1304 Plebs
327 1237 398 1300 eris.
442 1238 486 1300 At
500 1237 592 1320 pueri
606 1237 764 1317 ludentes,
780 1236 922 1317 rexeris,
938 1237 1039 1316 aiunt,
1092 1271 1096 1278 ,

217 1337 253 1400 Si
268 1348 351 1399 recte
366 1336 475 1400 facies.
519 1337 586 1413 Hic
598 1356 713 1400 murus
728 1357 849 1400 aeneus
864 1346 952 1400 esto:
1204 1341 1251 1403 50

218 1436 273 1500 Nil
288 1437 430 1500 conscire
445 1436 515 1515 sibi,
530 1436 623 1498 nulla
637 1436 811 1518 pallescere
825 1436 931 1518 culpo„

217 1535 345 1617 Roscia,
360 1534 413 1598 dic
428 1534 531 1613 sodes,
547 1535 658 1597 melior
672 1535 736 1615 lex,
751 1555 795 1598 an
810 1555 982 1617 puerorum
996 1545 1046 1598 est

218 1634 333 1715 Nonio,
349 1655 435 1716 quoe
449 1655 585 1717 regnum
600 1645 684 1697 recte
699 1634 891 1707 facientibus
905 1634 1005 1714 offert,

220 1733 264 1796 Et
278 1734 422 1797 maribus
438 1734 545 1796 Curiis
560 1744 593 1796 et
606 1733 780 1798 decantata
792 1733 966 1800 'Camillisl

219 1834 294 1896 lsne
309 1834 366 1896 tibi
381 1835 498 1897 melius
512 1833 636 1914 suadet,
652 1833 709 1915 qui
724 1849 792 1897 rem
807 1833 916 1913 lacios,
933 1853 1009 1914 rem,
1203 1838 1247 1905 65

219 1933 255 1997 Si
269 1934 381 2016 possis,
397 1944 500 2016 recto3
523 1933 551 1996 si
566 1953 640 2013 nou,
655 1951 852 2016 quocunque
866 1933 963 1998 modo
977 1954 1054 2014 rom,

219 2032 264 2095 Ut
278 2033 408 2115 propius
422 2043 546 2116 spectes
561 2033 731 2098 lacrimosa
745 2043 895 2115 poemata
911 2033 1013 2116 Pupi:

211 2130 272 2196 'An
287 2134 352 2215 qui,
368 2133 514 2197 fortunae
528 2144 560 2196 te
574 2152 761 2217 responsare
776 2136 931 2217 superbae

219 2232 374 2296 Liberum
388 2243 420 2295 et
434 2243 588 2313 erectum,
600 2253 752 2316 praeseus
768 2234 912 2299 hortatur
927 2245 960 2296 et
973 2233 1089 2317 aptat?

219 2330 321 2400 Quod
336 2331 365 2395 si
380 2350 434 2395 me
447 2325 587 2415 populus
601 2334 771 2397 Romanus
785 2332 865 2403 forto
879 2344 976 2415 roget,
992 2353 1050 2397 our
1202 2336 1246 2400 70

219 2431 303 2510 Νοη,
319 2440 356 2494 ut
369 2431 551 2514 porticibus,
566 2431 613 2495 sic
623 2431 755 2517 judiciis
769 2431 857 2497 fruor
872 2430 985 2521 isdem,
1308 2509 1309 2513 Ἰ

219 2530 288 2594 Nec
303 2549 420 2612 sequar
433 2540 492 2594 aut
504 2530 640 2614 fugiam,
655 2550 741 2613 quae
751 2531 860 2615 ,diligit
870 2532 942 2616 ipse
956 2532 1010 2598 vel
1024 2532 1111 2597 odit:
1344 2546 1345 2557 ³

219 2629 308 2693 Olim
321 2629 409 2712 quod
423 2630 540 2713 vulpes
552 2641 683 2713 oegroto
697 2641 795 2696 cauta
809 2631 895 2698 leoni
978 2640 980 2647 ’

221 2728 408 2812 Respondit,
423 2730 577 2811 refotam:
601 2730 694 2809 Quia
707 2750 761 2795 me
775 2732 914 2815 vestigia
928 2741 1054 2812 terrent,

222 2830 342 2894 Omnia
356 2840 388 2894 te
403 2830 578 2896 adversum
592 2832 779 2914 spectantia,
794 2831 888 2895 nulla
902 2842 1083 2898 retrorsum.
1199 2834 1243 2898 75

221 2928 337 2993 Bellua
359 2931 537 3020 multorum
557 2951 593 2995 os
613 2932 767 3014 capitum.
821 2930 908 2999 Nam
933 2931 1013 3013 quid
1035 2951 1164 3013 sequor,
1185 2943 1243 2996 aut

347 3030 489 3111 queml.
665 3102 669 3106 ,
693 3098 696 3105 Δ
843 3092 845 3100 ,
1030 3057 1033 3061 ·
1344 3080 1345 3117 p

222 3129 302 3192 Pars
316 3128 489 3191 hominum
502 3129 597 3211 gestit
611 3128 791 3193 conducere
804 3129 952 3212 publica;
976 3138 1052 3193 sunt
1066 3129 1123 3213 qui
1344 3154 1345 3227 p

222 3228 349 3293 Crustis
362 3237 394 3291 et
408 3227 513 3310 pomis
526 3227 646 3291 viduas
659 3239 820 3293 venentur
833 3248 957 3307 avaras,
1344 3244 1345 3257 ¹

225 3325 463 3410 Excipiamque
477 3346 579 3408 senes,
594 3347 677 3409 quos
692 3327 727 3393 in
741 3328 866 3393 vivaria
880 3328 1028 3409 mittant3

225 3425 337 3491 llultis
351 3426 479 3508 occulto
492 3427 605 3492 crescit
620 3448 672 3491 res
685 3428 821 3493 foenore.
865 3428 987 3493 Verum
1202 3426 1241 3490 ut

591 3657 615 3707 E
632 3658 649 3707 i.
662 3657 703 3709 te.
721 3656 867 3707 si-desiuc
