2742 4250
633 255 833 307 cremnon

438 414 488 479 Ne
502 434 603 497 parua
618 414 828 497 Tyrrhenum
842 434 898 496 per
912 434 1031 498 aequor

480 515 561 579 Vela
576 514 695 579 darem.
740 516 827 595 Tua,
844 516 972 595 Caesar,
988 525 1076 578 aetas

396 716 522 800 Fruges
536 725 569 776 et
583 714 669 795 agris
683 712 791 776 retulit
806 714 928 793 uberes,

397 815 442 877 Et
457 815 552 897 signa
566 823 673 877 nostro
688 813 825 875 restitmt
839 813 913 875 Jovi

439 914 581 996 Derepta
595 914 788 975 Parthorum
803 912 948 994 superbis

480 1014 639 1092 Postibus,
655 1023 688 1074 et
702 1031 845 1074 vacuum
859 1011 976 1074 duellis

396 1212 520 1275 Janum
535 1210 667 1281 Quirini
680 1209 807 1290 clausit,
823 1220 855 1272 et
870 1209 1014 1273 ordinem

397 1311 536 1373 Rectum
550 1310 705 1391 evaganti
719 1308 809 1371 frena
824 1308 971 1371 licentiae

438 1409 560 1492 Injeeit,
575 1409 761 1489 emovitque
777 1408 899 1491 culpas,

481 1509 526 1569 Et
540 1518 663 1570 veteres
677 1508 841 1571 revocavit
855 1518 947 1587 artes,

398 1708 459 1769 Per
473 1726 556 1788 quas
570 1707 728 1769 Latinum
742 1726 861 1769 nornen
876 1716 908 1767 et
923 1706 1025 1768 Italae

399 1806 534 1868 Crevere
550 1806 632 1867 vires
648 1804 800 1887 famaque
815 1815 847 1867 et
861 1806 974 1887 impert

440 1906 588 1968 Porrecta
603 1907 754 1989 majestas
770 1904 915 1967 adortus
1010 1900 1013 1905 ’

483 2005 567 2068 Solis
582 2006 624 2067 ab
639 2005 794 2087 Hesperio
808 2004 915 2066 cubili.

397 2204 540 2266 Custode
556 2223 663 2266 rerum
678 2205 825 2282 Caesare,
841 2223 907 2266 non
923 2203 1011 2265 furor

398 2303 512 2364 Civilis
527 2313 585 2364 aut
599 2303 650 2365 vis
664 2304 773 2386 exiget
787 2304 898 2382 otium,

440 2401 514 2464 Non
529 2402 585 2482 ira,
601 2422 685 2484 quae
701 2403 847 2485 procudit
860 2420 953 2464 enses

484 2501 528 2563 Et
543 2502 677 2564 miseras
692 2503 837 2566 inimicat
852 2503 955 2564 urbes.

400 2702 483 2781 Non,
498 2703 555 2784 qui
569 2703 768 2785 profundum
784 2701 975 2765 Danubium
989 2701 1115 2779 bibunt,

401 2803 518 2866 Edicta
532 2814 683 2886 rumpent
698 2803 794 2882 Julia,
811 2821 877 2864 non
893 2802 1002 2881 Getae,

442 2903 518 2967 Non
533 2903 627 2966 Seres
642 2902 776 2965 infidive
791 2903 917 2981 Persae,

485 3003 559 3067 Non
574 3003 708 3066 Tanain
723 3022 818 3085 prope
834 3001 957 3064 fiumen
973 3001 1040 3062 orti,

402 3187 533 3267 Nosque
547 3181 579 3247 e't
593 3184 739 3267 profestis
754 3185 881 3248 lucibus
896 3197 928 3247 et
942 3187 1041 3247 saeris
1213 3187 1253 3248 25
1361 3207 1362 3216 ¹

335 3367 342 3374 ἰ
405 3286 490 3348 Inter
499 3285 600 3368 jocosi
614 3304 751 3348 munera
766 3285 881 3364 Liberi,

444 3386 530 3448 Cum
545 3384 632 3468 prole
647 3385 867 3468 matronisque
882 3384 1006 3460 nostris,

488 3485 561 3547 Rite
576 3482 653 3546 deos
668 3484 757 3566 prius
772 3483 941 3574 apprecati,

374 3667 402 3719 G.
413 3684 453 3719 xv.
466 3668 489 3718 9.
507 3668 523 3717 J
524 3685 597 3718 annm
611 3670 748 3726 Quirinum,
761 3669 790 3717 de
802 3669 865 3732 conj.
968 3668 1006 3717 15.
1022 3676 1110 3716 ortum.

533 3751 570 3798 18.
588 3749 678 3797 eximit
786 3749 824 3800 19,
843 3748 957 3809 producit.
1067 3789 1068 3800 ,
