2742 4250
461 274 622 326 murel.
672 276 830 330 cmV.

372 432 544 496 Dimovere
559 431 705 514 lacertae,

415 531 460 594 Et
474 531 568 596 corde
582 542 614 595 et
629 532 766 615 genibus
780 534 895 597 tremit.

329 730 431 812 Atqui
445 748 510 792 uon
524 748 584 812 ego
599 741 630 793 te
644 731 734 813 tigris
748 741 786 794 ut
799 751 922 815 aspere,

331 827 533 892 Gaetulusve
547 829 611 916 leo,¹
622 827 768 912 frangere
781 849 971 914 persequor:
1115 834 1155 900 1⁰
1246 844 1253 854 ‘

372 925 526 991 Tandem
540 927 650 992 desine
665 939 803 992 matrem

413 1026 625 1110 Tempestivu
639 1028 731 1110 sequi
746 1028 823 1091 viro.

484 1581 664 1644 OARMEN
686 1583 806 1644 XXIV.

288 1781 344 1824 ΔΙ)
381 1781 415 1823 Ρ.
450 1781 718 1826 vruululun
755 1782 1002 1826 naucum.

288 1959 375 2028 Quis
389 1958 545 2022 desiderio
561 1959 602 2022 sit
615 1958 719 2042 pudor
732 1969 791 2021 eut
804 1957 922 2022 modus

285 2058 374 2122 'I'em
388 2059 454 2122 cari
468 2058 582 2143 capitis
592 2062 607 2122 'l
651 2058 803 2143 Praecipe
818 2059 968 2143 lugubres

287 2159 419 2241 Cantus,
437 2160 647 2243 Melpomene,
663 2160 717 2223 cui
732 2159 890 2242 liquidam
905 2160 1003 2225 Pater

328 2262 448 2325 Vocem
462 2281 539 2325 cum
554 2261 677 2324 cithare
692 2260 789 2323 dedit.

284 2460 371 2544 Ergo
385 2460 603 2531 Quinctilium
618 2470 791 2542 perpetuus
806 2478 899 2542 sopor
1130 2449 1149 2512 5

285 2559 407 2643 Urgetl
428 2560 483 2623 cui
498 2558 608 2641 pudor,
624 2569 655 2622 et
665 2558 809 2643 justitiae
823 2578 909 2622 soror

285 2659 472 2742 Incorrupte
487 2657 576 2738 fides,
592 2657 747 2740 nudaque
760 2657 887 2737 veritas,

325 2758 470 2828 Quando
485 2756 590 2821 ullum
604 2757 747 2821 inveniet
760 2758 894 2840 parem?

285 2956 399 3019 Multis
414 2955 575 3019 ille-bonis
585 2946 705 3019 ilebilis
719 2954 856 3018 occidit:

286 3054 377 3119 Nulli
392 3054 533 3135 flebilior,
549 3075 649 3138 quam
664 3055 731 3135 tibi,
747 3053 868 3137 Virgili.
1114 3063 1151 3123 ln

285 3154 341 3218 Tu
360 3153 477 3218 frustra
492 3156 564 3237 pius
578 3155 645 3218 heu
659 3174 724 3218 non
741 3155 786 3217 ite
801 3155 958 3221 creditum

327 3254 437 3317 Poscis
451 3254 670 3324 Quinctilium
686 3253 772 3318 deos.

284 3452 414 3524 Quodsi
428 3452 581 3516 Threicio
595 3452 749 3516 blandius
764 3453 893 3536 Orpheo

284 3551 440 3617 Auditum
454 3550 615 3614 moderere
631 3552 796 3615 arboribus
811 3552 918 3631 fidem,

331 3750 359 3802 G.
372 3753 435 3802 xxiv.
448 3750 470 3801 8.
483 3752 615 3800 invenient.
772 3752 810 3801 1³.
829 3750 910 3808 Quidl
925 3753 948 3801 d
962 3760 966 3765 ·
