2742 4250
493 273 604 323 maan
628 273 667 324 m
718 275 752 325 a
778 274 817 325 rn
1079 259 1151 329 293

127 431 230 505 Quod
246 450 314 495 non
328 431 422 514 plura
436 430 521 494 datis
536 432 714 514 invenerit3
738 443 770 496 et
785 443 892 496 tamen
908 433 995 498 idem

127 534 217 598 Scire
232 531 352 611 volam,
369 541 531 614 quantum
546 532 684 614 simplex
699 532 875 615 hilarisque
890 535 998 616 nepoti

128 634 307 714 Discreper,
323 641 354 694 et
369 641 531 713 quantum
545 630 705 695 discordet
719 652 836 716 parcus
851 653 958 696 avaro.

128 733 240 797 Distat
252 731 348 810 enim,
359 749 492 814 spargas
505 740 561 793 tua
572 729 734 813 prodigus,
744 751 787 794 an
798 751 904 814 neque
913 741 1080 815 sumptum
1091 733 1152 796 195

126 832 262 896 Invitus
278 829 381 893 iacias
395 847 501 911 neque
516 829 609 911 plura
623 849 735 912 parare
751 831 883 910 labores,

131 933 176 998 dc
192 930 310 1014 potins,
326 949 406 1012 puer
421 938 459 991 ut
472 926 562 992 sestis
576 930 826 1010 quinquatribus
841 930 928 1010 oiim,

130 1030 265 1113 Exiguo
279 1039 433 1112 gratoque
449 1027 565 1091 fruaris
580 1038 720 1110 tempore
736 1030 861 1112 raptim.

128 1128 306 1213 Pauperies
321 1126 493 1190 immunda
507 1126 624 1190 domus
638 1127 749 1210 procul
764 1129 869 1193 absit:
891 1148 960 1211 ego,
977 1138 1087 1191 utrum

129 1229 224 1295 Nave
239 1227 323 1292 ferar
337 1247 459 1310 magna
473 1245 516 1290 an
531 1245 639 1309 parva,
653 1226 841 1291 ierarunus
855 1239 887 1291 et
901 1228 996 1292 idem.
1087 1228 1152 1290 200

129 1329 204 1395 Non
219 1327 349 1410 agimur
364 1325 497 1389 tumidis
514 1325 593 1388 velis
608 1327 770 1409 Aquilone
785 1326 947 1391 secundo:

128 1427 207 1492 Non
223 1438 333 1491 tamen
349 1425 494 1489 adversis
511 1435 648 1488 aetatem
663 1425 815 1490 ducimus
830 1427 976 1508 Austris;

127 1528 269 1607 Viribuq
286 1526 422 1609 ingenio,
439 1525 553 1608 specie,
569 1525 695 1606 virtute,
711 1525 789 1607 looo,
804 1547 846 1607 re,

127 1628 280 1691 Extremi
294 1626 478 1708 primorum,
494 1625 646 1687 extremis
662 1645 766 1707 usque
780 1627 907 1709 priores,

127 1729 204 1792 Non
220 1746 255 1788 es
270 1743 407 1788 avarus:
430 1724 492 1788 abi.
530 1723 648 1794 Quid?
686 1726 800 1789 Cetera
810 1727 878 1808 jam
895 1725 992 1788 simul
1007 1724 1068 1787 isto
1086 1724 1150 1787 205

127 1830 217 1890 Cum
232 1825 310 1888 vitio
325 1823 460 1907 fugere?
504 1825 602 1888 Caret
617 1824 673 1888 tibi
689 1835 801 1906 pectus
816 1825 906 1889 inani

126 1924 338 1990 Ambitione?
382 1925 477 1987 Caret
492 1924 602 1986 mortis
617 1923 786 1987 formidine
800 1934 832 1987 ct
846 1924 916 1987 irai

126 2024 273 2105 Somnia,
289 2034 420 2087 terrores
435 2024 588 2108 magicos,
604 2023 771 2104 miracula¹
788 2043 892 2106 sagas,

127 2128 315 2191 Nocturnos
329 2123 468 2187 lemures
483 2130 693 2207 portentaque
709 2123 872 2188 Thessala
887 2121 995 2186 ridesi

127 2225 264 2291 Natales
279 2234 367 2308 grate
382 2225 559 2288 numeras?
602 2224 748 2309 ignoscis
763 2224 900 2288 amicis?
1084 2222 1149 2290 210

126 2326 247 2391 Lenior
261 2334 292 2387 et
307 2323 420 2387 melior
435 2323 475 2387 fis
491 2323 663 2388 accedente
679 2324 834 2388 senecta?

126 2422 222 2498 Quid
238 2433 268 2487 te
283 2434 435 2506 exempta
450 2423 537 2486 levat
552 2423 652 2506 spinis
667 2424 708 2487 de
723 2424 869 2507 pluribus
884 2423 978 2486 una?

127 2526 244 2589 Vivere
259 2524 285 2587 si
300 2534 385 2587 recte
399 2523 513 2603 nescis,
530 2522 649 2587 decede
664 2524 782 2607 peritis.

128 2623 251 2690 Lusisti
266 2623 352 2703 satie,
368 2622 462 2685 edisti
477 2623 555 2685 satis
570 2632 667 2704 atque
683 2622 789 2685 bibisti
802 2644 810 2704 ;

14 2742 15 2769 ¹
127 2724 278 2808 ’Tempus
292 2724 380 2787 abire
395 2723 451 2786 tibi
466 2734 522 2803 est,
539 2743 580 2786 no
594 2723 719 2805 potium
734 2722 856 2804 largius
871 2741 975 2804 aequo
1082 2719 1147 2785 215

129 2823 246 2891 Rideat
260 2834 292 2886 ot
307 2822 412 2907 pulset
428 2822 550 2885 lasciva
565 2822 732 2885 decentius
746 2831 845 2884 aetas.

403 3039 457 3091 199.
475 3039 564 3101 domo;
581 3039 668 3099 domo;
685 3037 767 3101 procul
779 3037 868 3100 procui.
