2742 4250
406 290 519 341 LIBER
542 290 594 341 w,
643 290 674 340 e
699 290 776 341 nv.
1042 274 1110 347 135

282 448 374 512 Notis
390 447 521 511 condita
536 447 627 511 fastis

324 548 461 611 Inclusit
474 548 615 611 volucris
630 548 708 611 dies.

240 747 318 816 Quo
331 745 417 828 fugit
426 765 539 825 venus,
549 739 624 825 heu,
636 766 742 827 quove
757 746 866 811 colori
887 746 1006 813 decens

239 848 317 917 Quo
329 846 461 909 motual
482 844 563 927 quid
576 846 678 909 habea
692 846 787 927 illius,
804 847 899 928 illius,

280 947 377 1016 Quae
392 946 534 1027 spirabat
548 964 681 1025 amores,

323 1046 423 1115 Quae
437 1064 490 1107 me
505 1055 675 1127 surpuerat
692 1044 781 1124 mihi,

239 1242 334 1306 Felix
349 1253 421 1325 post
435 1242 598 1323 Cinaram,
613 1253 755 1325 notaque
770 1252 802 1307 et
816 1244 935 1308 artium

238 1343 412 1404 Gratamm
425 1339 549 1405 faciesl
591 1342 658 1406 Sed
672 1342 812 1405 Cinarae
826 1342 939 1405 breves

280 1443 391 1505 Armes
404 1440 474 1505 fata
486 1441 653 1523 dederunt,

319 1542 495 1605 Servatum
508 1542 567 1605 diu
580 1562 692 1625 parem

237 1740 380 1802 Cornicis
394 1740 526 1803 vetulae
539 1741 735 1824 temporibus
750 1742 872 1824 Lycen,

237 1839 372 1902 Possent
385 1850 422 1902 ut
431 1840 570 1923 juvenes
584 1840 686 1903 visere
701 1840 824 1921 fervidi,

278 1938 383 2001 Multo
396 1958 465 2001 non
478 1938 548 2001 sine
561 1939 629 2002 risu

319 2036 489 2120 Dilapeam
504 2038 540 2101 in
553 2039 675 2101 cineres
690 2037 803 2101 facem.

445 2565 626 2630 GARMEN
659 2567 748 2630 XIV.

413 2752 470 2794 An
507 2751 775 2794 AUGUSTUM.

248 2919 344 2982 Quae
358 2934 438 2976 eura
452 2913 586 2978 Patrum
602 2935 727 2997 quaeve
742 2915 930 3000 Quiritium,

248 3013 356 3076 Plems
370 3013 530 3076 honorum
545 3015 736 3085 muneribus
751 3023 834 3096 tuae,

289 3113 446 3194 Auguste,
462 3113 597 3176 virtutes
612 3115 645 3177 in
661 3134 781 3178 aevum

331 3213 393 3275 Per
407 3212 515 3275 titulos
528 3233 748 3296 memoresque
764 3215 862 3278 fastos

248 3411 406 3491 Aetemet‚
422 3431 450 3491 0,
465 3431 532 3493 qua
547 3412 594 3474 sol
608 3407 801 3476 habitabiles

248 3509 393 3582 Illustrat
407 3531 491 3591 orae,
507 3511 650 3575 maxime
664 3513 870 3596 principum!

271 3711 310 3761 17.
327 3727 404 3773 quove
416 3711 483 3762 color
494 3711 602 3762 deeensl
734 3711 775 3762 28.
794 3711 933 3776 Delepmm.

494 3792 523 3842 G.
535 3794 582 3842 riv.
595 3796 618 3842 4.
636 3791 716 3842 laetae
752 3787 760 3798 ⁴
