2742 4250
585 566 765 629 CARMEN
800 566 856 629 IX

508 779 561 821 ΑΙ)
595 780 937 825 masculitanum.

320 972 465 1043 Quando
479 981 643 1055 repostum
658 973 848 1035 Caecubum
862 974 905 1036 ad
924 974 1022 1039 testas
1037 975 1145 1060 dapes,

304 1117 306 1120 -
362 1072 487 1135 Victore
502 1071 607 1138 laetus
622 1072 769 1151 Caesare,

320 1171 450 1234 Tecum
465 1171 527 1233 sub
542 1169 698 1233 alta—sic
714 1170 787 1235 Jovi
803 1172 1078 1255 gratum-domo,

361 1272 460 1334 Beate
475 1271 658 1349 Maecenas,
674 1271 784 1334 bibam

319 1370 463 1433 Sonante
477 1368 619 1431 mixtum
634 1370 719 1432 tibiis
734 1389 863 1433 cannen
880 1371 958 1455 lyra,

362 1468 435 1531 Hae
451 1467 595 1547 Dorium,
611 1467 677 1529 illis
691 1469 873 1549 barbarum,

321 1567 367 1631 Ut
380 1587 491 1649 nuper,
506 1577 600 1629 actus
614 1587 692 1631 eum
707 1566 786 1631 freto
802 1569 985 1651 Neptunius

362 1666 441 1729 Dux
456 1665 548 1747 sugit,
564 1666 646 1729 ustis
661 1668 810 1746 navibus,

320 1766 465 1828 Minatus
480 1766 560 1829 Urbi
574 1765 692 1845 vincia,
709 1787 793 1848 quae
809 1767 990 1830 detraxerat

361 1865 470 1929 Servis
485 1866 610 1927 amicus
626 1866 779 1947 perfidis?
887 1884 888 1887 ’

318 1966 495 2044 Romanus,
511 1966 616 2028 eheu!
639 1967 754 2047 posteri
771 1967 936 2049 negabitis,

361 2065 597 2148 Emancipatus
612 2064 760 2146 feminae,

318 2167 395 2228 Fert
409 2166 533 2228 vallum
549 2177 581 2227 et
595 2186 686 2228 arma
702 2167 802 2246 mileS,
818 2179 849 2229 et
864 2166 1060 2249 spadonibus

359 2265 483 2345 Servire
499 2266 622 2346 rugosis
637 2277 747 2348 potest,

318 2366 467 2445 Interque
482 2365 576 2446 signa
592 2377 683 2448 turpe
700 2367 849 2429 militaria

359 2464 414 2527 Sol
429 2463 565 2546 adspicit
580 2467 772 2548 conopium!

318 2563 361 2626 At
376 2563 436 2624 hoc
451 2563 622 2626 frementes
637 2577 800 2628 verterunt
814 2565 863 2627 bis
879 2565 966 2628 mille
981 2585 1080 2647 equos

359 2662 454 2742 Galli,
469 2674 623 2726 canentes
637 2666 820 2744 Caesarem,

317 2761 557 2845 Hostiliumque
572 2765 709 2826 navium
723 2774 816 2846 portu
831 2764 932 2827 latent

358 2860 488 2944 Puppes
510 2862 728 2926 sinistrorsum
742 2864 836 2928 citae.

317 2962 352 3024 Io
367 2961 527 3044 triumphe
542 2961 551 3025 ἔ
574 2973 611 3025 tu
625 2963 758 3026 moraris
774 2983 887 3025 aureos

359 3061 481 3123 Currus
496 3073 528 3125 et
543 3062 680 3125 intactas
695 3062 818 3126 boves?

317 3160 353 3222 lo
368 3159 548 3242 triumphe!
572 3180 632 3222 nec
648 3159 845 3242 Jugurthino
860 3180 972 3243 parem
1059 3228 1061 3232 ,

359 3258 449 3321 Bello
464 3260 629 3340 reportasti
644 3258 770 3339 ducem,

319 3357 432 3438 Neque
449 3358 650 3438 Africanum,
666 3359 720 3420 cui
736 3378 831 3440 super
846 3357 1077 3440 Carthaginem
1188 3359 1229 3422 25

360 3457 468 3520 Virtus
483 3457 667 3538 sepulcrum
682 3457 835 3520 condidit.

287 3669 318 3722 0.
328 3671 361 3720 ix.
373 3672 395 3720 5.
413 3675 495 3719 mixtis
573 3674 611 3722 17.
629 3673 665 3722 At
676 3673 738 3734 huc;
758 3675 797 3722 Ad
808 3674 872 3722 hunc
884 3692 890 3732 ;
909 3673 1013 3734 Adhuc,
1032 3672 1149 3723 Athene.

531 3752 572 3802 20.
590 3755 658 3802 sitae.
724 3754 765 3802 25.
784 3752 898 3802 Africano
