2742 4250
456 245 629 296 emnem
678 246 781 298 svn
1057 229 1130 298 230

105 403 245 482 Pocrlo,
260 421 319 466 scu
333 401 469 466 modicis
483 403 610 466 uvescit
623 403 747 467 laetius.
791 401 880 486 Ergo
1090 403 1131 468 70

102 507 226 566 Sermo
239 502 347 581 oritur,
362 521 429 566 nou
443 501 485 564 de
499 503 585 566 villis
599 503 792 568 domibusve
807 503 929 582 alienis,

104 604 192 681 Nec,
207 601 292 664 male
306 621 407 664 necue
423 601 529 683 Lepos
543 602 656 683 saltet;
679 603 737 666 sed
751 603 838 685 quod
853 603 958 686 magis
973 603 1015 665 ad
1032 621 1089 668 nos

106 701 254 764 Pertinet
269 711 300 762 ct
315 701 440 763 nescire
454 700 580 764 malum
595 711 652 780 est,
668 702 850 784 agitamus:
873 713 1025 767 utrumne

105 801 246 863 Divitiis
259 801 408 862 homiues
421 819 467 862 au
480 800 546 863 sint
559 801 676 864 virtute
692 802 794 882 beati3

103 899 248 969 Quidve
263 899 307 961 ad
320 899 490 980 amicitias,
506 920 588 964 usus
602 912 777 981 rectumne,
794 901 901 964 trahat
916 921 994 982 uos3
1091 901 1132 964 75

106 1001 160 1062 Et
173 1019 258 1080 quae
273 999 447 1062 situatum
460 1000 536 1062 boni
551 1019 783 1081 summumque
798 1000 877 1081 quid
893 1002 970 1084 ejus.

106 1099 251 1162 Cervius
267 1099 348 1161 haec
363 1099 446 1162 inter
459 1099 589 1162 vicinus
603 1099 702 1180 garrit
715 1099 819 1162 aniles

111 1199 171 1260 ldx
186 1218 219 1259 re
233 1197 378 1260 labellos.
421 1198 458 1262 Si
472 1199 547 1279 quis
561 1218 640 1262 nam
654 1197 768 1262 laudat
782 1198 884 1262 Arelli

106 1297 277 1360 Sollicitas
292 1297 425 1379 ignarus
439 1317 534 1380 opes;
558 1298 604 1359 sic
620 1297 749 1380 incipit:
773 1298 862 1362 Olim

107 1397 270 1460 Rusticus
286 1399 448 1460 urbanum
463 1417 590 1461 murem
603 1417 679 1460 mus
693 1417 833 1480 paupere
848 1396 946 1462 fertur
1093 1393 1135 1464 80

108 1497 288 1580 Accepisse
302 1517 394 1577 cavo,
408 1508 551 1560 veterem
565 1507 659 1561 vetus
673 1499 791 1581 hospes
806 1499 958 1578 amicum,

9 1668 10 1673 γ
108 1601 220 1678 Asper
232 1605 266 1658 et
279 1606 422 1660 attentus
436 1597 600 1678 quaesitis,
616 1607 654 1660 ut
668 1607 777 1661 tamen
792 1608 900 1661 artum

109 1696 262 1762 Solveret
276 1696 422 1778 hospitiis
436 1697 593 1758 animum.
637 1696 730 1766 Quid
744 1697 849 1760 multa
861 1697 875 1760 l
898 1717 1004 1779 neque
1018 1697 1073 1762 illo

111 1794 255 1876 Sepositi
269 1795 380 1857 ciceris
394 1814 455 1856 nec
471 1795 586 1877 longae
601 1795 717 1858 invidit
732 1815 874 1859 avenae:

113 1895 254 1960 Aridum
270 1906 301 1957 et
316 1914 368 1957 ore
384 1894 489 1958 ferens
503 1895 637 1958 acinum
652 1914 843 1976 semesaque
858 1893 940 1958 lardi
1094 1894 1135 1958 85

115 1997 238 2058 Frusta
252 1993 348 2073 dedit,
364 1993 498 2076 cupiens
513 1994 604 2056 varia
618 1992 748 2056 fastidia
762 2012 864 2056 coena
929 1982 932 1987 ¹

116 2095 252 2158 Vincere
268 2093 429 2175 tangentis
443 2092 529 2155 male
543 2091 673 2175 singula
689 2091 784 2156 dente
799 2092 954 2175 superbo;

116 2198 207 2257 Cum
219 2204 309 2276 pater
323 2194 390 2275 ipse
405 2192 522 2255 domus
539 2192 633 2275 palea
648 2204 810 2275 porrectus
825 2194 859 2256 in
874 2193 973 2255 horna

119 2295 217 2357 Esset
230 2292 308 2378 ador
322 2291 509 2373 loliumque,
523 2292 616 2374 dapis
631 2292 763 2355 meliora
777 2292 969 2375 relinquens.

118 2392 272 2457 Tandem
282 2392 427 2454 urbanus
436 2389 478 2454 ad
487 2392 592 2454 hunc:
607 2391 700 2461 Quid
711 2402 741 2455 te
745 2393 848 2475 juvat,
856 2391 968 2473 inquit,
979 2390 1082 2453 amice
1097 2390 1138 2452 90

120 2491 288 2573 Praerupti
302 2491 440 2553 nemoris
454 2491 631 2573 patientem
645 2491 755 2555 vivere
770 2491 886 2553 dorso‘l

9 2677 10 2684 ἵ
120 2592 178 2655 Vis
193 2601 230 2653 tu
243 2591 392 2654 homines
406 2592 583 2672 urbemque
598 2589 673 2653 seris
687 2610 882 2675 praeponere
897 2590 1011 2652 silvisl

117 2693 225 2773 Carpe
240 2692 336 2770 viam,
352 2690 550 2771 mihicrede,
566 2710 694 2773 comes3
718 2690 875 2755 terrestria
890 2687 1021 2772 quando

121 2787 274 2854 Mortales
289 2791 417 2853 animas
431 2790 548 2853 vivunt
564 2790 683 2870 sortita,
700 2810 805 2872 neque
821 2790 890 2853 ulla
904 2800 953 2851 est

124 2892 189 2953 Aut
202 2910 322 2972 magno
337 2900 396 2953 aut
410 2909 511 2971 parvo
525 2890 580 2955 leti
595 2889 683 2973 fuga.
728 2891 815 2969 Quo,
830 2890 923 2967 bone,
939 2888 1033 2968 circa,
1097 2884 1138 2948 95

125 2992 212 3053 Dum
227 2991 310 3069 licet,
327 2990 361 3052 in
375 2991 470 3053 rebus
481 2990 637 3074 jucundis
651 2990 727 3051 vive
742 2989 874 3069 beatus3

9 3100 10 3103 ’
126 3091 203 3153 Vive
217 3110 348 3168 memor,
363 3109 465 3171 quam
480 3090 524 3151 sis
539 3089 613 3152 aevi
626 3090 742 3152 brevis
763 3128 765 3132 -
787 3089 878 3152 Haec
894 3087 950 3150 ubi
965 3086 1051 3149 dicta

124 3190 290 3271 Agrestem
304 3188 461 3271 pepulere,
477 3188 573 3251 domo
587 3188 668 3250 levis
684 3188 810 3269 exsilit3
834 3187 909 3251 inde

124 3290 228 3352 Ambo
242 3288 439 3371 propositum
454 3279 613 3371 peragunt
628 3289 694 3368 iter,
712 3288 799 3351 urbis
814 3297 947 3352 aventes

126 3386 255 3451 lloenia
269 3388 418 3450 nocturni
433 3388 610 3470 subrepere.
654 3387 794 3469 Jamque
809 3388 938 3451 tenebat
1083 3386 1140 3446 100

125 3483 196 3549 Nor
212 3485 345 3548 melium
360 3486 440 3548 coeli
456 3487 605 3571 spatium,
621 3506 698 3549 eum
713 3486 802 3568 ponit
817 3496 950 3569 uterque

295 3714 335 3765 70.
353 3713 479 3765 humescit.
547 3714 587 3767 78.
605 3712 808 3777 Nameiquiffi
876 3713 916 3765 83.
934 3713 977 3764 llll.
