2742 4250
629 208 830 262 cantum

456 370 604 436 Manebit
618 369 660 432 ad
675 369 811 451 plenum
824 364 965 447 benigno

497 469 594 534 Ruris
609 469 769 531 bonorum
782 463 937 548 opulenta
949 480 1060 526 corrm.

413 669 475 733 Hic
491 668 524 731 in
539 665 673 730 reducta
687 664 774 726 valle
789 661 968 726 Caniculae

414 767 538 830 Vitabis
553 777 672 844 aestus,
688 773 721 827 et
736 763 801 826 fide
815 762 901 825 Teia

458 867 554 929 Dices
569 864 751 927 laborantes
766 863 800 926 in
815 880 881 924 uno
999 929 1003 936 .

499 963 681 1045 Penelopen
696 963 898 1043 vitreamque
914 959 1037 1022 Circen.

415 1149 478 1210 Hic
494 1147 673 1209 innocentis
688 1144 806 1228 pocula
819 1144 930 1207 Lesbii

415 1247 526 1310 Duces
542 1247 603 1308 sub
618 1246 754 1307 umbra:
776 1263 837 1306 nec
852 1241 1033 1306 Semeleius

459 1346 545 1408 Cum
560 1345 663 1407 Marte
678 1341 854 1405 confundet
869 1342 1053 1423 Thyoneus

498 1441 632 1518 Proelia,
648 1461 709 1503 nec
724 1451 849 1503 metues
863 1449 1048 1522 protervum

416 1641 573 1722 Suspecta
589 1639 721 1721 Cyrum,
737 1658 779 1700 ne
793 1637 880 1700 male
895 1637 1013 1719 dispari
1087 1696 1090 1700 Δ

417 1739 655 1804 Incontinentes
671 1737 793 1822 injiciat
807 1756 935 1816 manus,

460 1838 505 1901 Et
517 1833 647 1900 'scindat
661 1837 848 1900 haerentem
862 1854 1014 1898 coronam

447 1962 449 1967 ·
501 1937 660 2017 Crinibus,
676 1936 935 2018 immeritamque
949 1942 1083 1997 vestem.

675 2224 793 2236 ..ι-...-

569 2433 749 2495 GARMEN
776 2432 902 2493 XVIII.

423 2619 479 2661 ΑΙ)
511 2620 844 2665 QUINCTILIUM
874 2622 1050 2667 vultum.

267 2780 411 2860 Nullam,
427 2779 517 2859 Vere,
535 2798 626 2841 sacra
641 2778 706 2841 vite
720 2779 808 2861 prius
825 2778 943 2841 severis
958 2780 1102 2840 arborem

226 2879 320 2945 Circa
334 2879 411 2942 mite
426 2878 533 2941 solum
548 2878 681 2941 Tiburis
697 2889 730 2941 et
744 2878 873 2941 moenia
888 2877 992 2940 Catili.

225 2977 327 3043 Siccis
342 2978 451 3040 omnia
465 2997 543 3040 nam
558 2976 640 3040 dura
655 2978 737 3041 deus
752 2978 923 3061 proposuit,
939 2996 1046 3058 neque

225 3075 394 3141 Mordaces
409 3076 501 3139 aliter
515 3076 692 3159 diffugiunt
706 3076 947 3140 sollicitudines.

225 3176 312 3246 Quis
323 3185 394 3258 post
405 3177 483 3237 vlna
494 3195 628 3256 gravem
638 3174 789 3238 militiam
800 3186 858 3237 aut
869 3174 1055 3257 pauperiem
1066 3172 1198 3255 crepat?
1222 3175 1241 3236 b

226 3276 312 3345 Quis
326 3294 393 3338 non
407 3284 438 3337 te
454 3274 568 3356 potine,
584 3274 713 3337 Bacche
728 3284 825 3356 pater,
842 3284 946 3355 teque,
959 3272 1079 3335 decens
1094 3272 1229 3335 ventat

226 3375 269 3435 m
284 3393 325 3436 ne
339 3373 412 3455 quis
428 3372 545 3436 modici
561 3373 718 3435 transiliat
732 3393 868 3435 munera
881 3372 997 3452 Liberi,

226 3473 408 3539 Centaurea
422 3483 530 3535 monet
544 3492 622 3535 cum
636 3468 786 3554 Lapithis
800 3472 872 3534 rixa
887 3491 981 3553 super
995 3490 1083 3533 mero

367 3668 408 3719 25.
425 3684 478 3721 nec.
611 3670 639 3721 G.
652 3673 718 3721 xviii.
730 3672 754 3721 ⁵.
772 3673 888 3731 increpet.
1019 3671 1043 3721 ⁷.
1060 3685 1097 3719 ιο.
