2742 4250
112 346 114 348 q
228 237 300 307 rat
595 252 602 257 ’
629 255 844 306 samnaaurr

227 414 402 476 Peccatum
416 411 525 493 fateor,
539 431 618 476 cum
633 423 663 476 te
678 414 725 476 sic
741 424 881 496 tempore
897 419 990 477 laevo

227 512 477 594 Interpellarim:
500 512 557 575 sed
572 512 630 575 des
643 514 775 578 veniam
792 515 903 593 bonus,
919 533 982 577 oro.
1224 515 1245 578 5

226 612 355 682 Quodsi
369 612 563 676 interciderit
577 613 634 675 tibi
648 633 738 676 nune
754 613 885 694 aliquid,
901 622 1024 694 repetes
1040 631 1126 693 mox,

225 717 302 780 Sive
316 726 366 779 est
380 727 515 780 naturae
530 717 591 780 hoc
606 718 675 779 sive
690 717 776 796 artis,
792 717 893 779 mirus
908 725 1095 796 utroque.-

226 817 319 886 Quin
334 816 368 879 id
382 827 449 879 erat
463 835 569 896 curae,
584 835 650 898 quo
665 826 759 898 paeto
773 826 893 878 cuncta
908 825 1058 894 tenerem,

227 915 341 998 [ltpote
356 937 407 978 res
422 926 545 995 tenueS,
560 917 650 979 tenui
665 935 812 978 sermone
826 925 1026 997 peractas.—

227 1014 297 1078 ude
312 1016 454 1078 hominis
468 1034 587 1078 nomen
597 1037 605 1079 ε
615 1016 720 1082 simul
731 1024 763 1078 et
774 1016 942 1078 Romanus
957 1033 1001 1076 an
1016 1013 1185 1095 hospes-
1208 1013 1247 1076 10

226 1113 300 1196 Ipsa
314 1115 438 1178 memor
452 1125 621 1197 praecepta
633 1135 761 1195 canam,
777 1114 934 1177 celabitur
947 1123 1066 1176 auctor.

225 1213 341 1296 longa
354 1215 475 1296 quibus
489 1213 589 1277 facies
603 1216 674 1277 ovis
688 1215 754 1295 erit,
770 1214 827 1277 illa
842 1223 1011 1293 memento,

226 1313 270 1375 Ut
284 1314 374 1376 succi
387 1314 528 1378 melioris
541 1323 574 1376 et
590 1324 626 1377 ut
640 1314 746 1396 magis
761 1314 836 1376 alba
850 1313 1004 1392 rotundis,

226 1411 366 1476 Ponere:
390 1432 531 1494 namque
547 1431 671 1476 marem
684 1413 836 1476 cohibent
849 1411 971 1474 callosa
985 1411 1141 1474 vitellum.
1353 1475 1354 1484 ,

226 1511 329 1573 Caule
343 1500 537 1592 suburbano,
552 1512 610 1593 qui
624 1512 718 1574 siccis
732 1512 833 1574 crevit
847 1511 880 1572 in
897 1510 990 1592 agris,
1206 1511 1246 1572 15

226 1609 378 1673 Dulcior:
400 1610 519 1692 irriguo
533 1611 616 1673 nihil
629 1619 678 1672 est
693 1611 813 1673 elutius
830 1611 928 1672 horte.

225 1709 261 1771 Si
276 1709 478 1792 vespertinus
493 1710 599 1773 subito
613 1720 645 1772 te
658 1709 849 1793 oppresserit
863 1709 988 1791 hospes,

226 1803 275 1870 Ne
290 1809 412 1890 gallina
426 1809 552 1872 malum
567 1819 732 1892 responset
745 1809 828 1872 dura
842 1808 957 1892 palato,

227 1907 350 1971 Doctus
363 1908 425 1971 eris
439 1909 552 1972 vivam
565 1909 669 1972 mixto
682 1928 823 1972 mersare
837 1908 994 1972 Falerno:

227 2007 296 2069 Hoc
311 2017 455 2071 teneram
469 2007 573 2071 faciet
617 2009 828 2072 Praterrsibns
842 2008 964 2090 optima
978 2006 1087 2089 fungis
1202 2009 1247 2072 20

226 2105 350 2171 Natura
364 2117 431 2172 est:
454 2107 527 2171 aliis
541 2107 627 2172 male
641 2108 789 2172 creditur.
833 2108 892 2171 Ille
907 2107 1051 2170 salubres

226 2208 371 2270 Aestates
386 2217 524 2290 peraget,
539 2208 597 2289 qui
612 2208 711 2290 nigris
726 2207 862 2290 prandia
877 2207 974 2270 moris

227 2306 341 2385 Finiat,
357 2317 432 2369 ante
446 2325 580 2389 gravem
594 2327 679 2389 quae
695 2307 806 2390 legerit
820 2308 930 2369 arbore
946 2306 1054 2368 solem.

226 2405 378 2469 Aufidius
393 2405 465 2469 forti
480 2406 636 2470 miscebat
650 2407 749 2469 mella
765 2406 912 2487 Falern0,

225 2503 388 2584 Mendose,
404 2505 559 2587 quoniam
573 2507 687 2569 vacuis
702 2506 899 2569 committere
915 2506 1006 2568 venis
1201 2508 1243 2570 25
1353 2538 1354 2585 t

225 2604 279 2668 Nil
293 2604 356 2668 nisi
371 2604 443 2667 lene
458 2604 567 2669 decet:
590 2606 655 2668 leni
669 2606 855 2689 praecordia
869 2606 975 2668 mulso
1353 2588 1354 2655 l

225 2703 382 2767 Prolueris
396 2704 523 2768 melius
566 2705 602 2769 Si
617 2705 699 2768 dura
714 2706 889 2768 morabitur
902 2704 1007 2783 alvus,
1353 2656 1354 2733 l

224 2804 360 2867 Mitulus
374 2813 405 2867 et
420 2804 502 2867 viles
515 2804 636 2887 pellent
651 2805 812 2867 obstantia
826 2805 970 2867 conchae

225 2902 267 2966 Et
282 2902 405 2986 lapathi
419 2904 525 2967 brevis
540 2905 647 2983 herba,
663 2904 721 2967 sed
735 2905 809 2967 albo
824 2923 889 2967 nou
904 2904 973 2967 sine
989 2903 1065 2965 Coo.
1111 2950 1116 2957 .

224 3003 363 3066 Lubrica
378 3013 547 3066 nascentes
563 3003 698 3085 implent
712 3004 885 3087 conchylia
899 3004 1015 3083 lunae3
1200 2998 1242 3064 30

223 3102 287 3165 Sed
302 3123 367 3165 nou
382 3123 477 3166 omne
492 3123 580 3166 mare
595 3114 643 3165 est
659 3124 831 3187 generosae
847 3103 947 3167 fertile
963 3112 1071 3165 testae.

223 3202 345 3266 Murice
361 3202 485 3265 Baiano
499 3203 610 3265 melior
623 3204 767 3266 Lucrina
784 3204 907 3286 peloris,

224 3302 337 3365 Ostrea
352 3302 492 3382 Circeiis¹
509 3302 634 3365 Miseno
648 3304 794 3366 oriuntur
808 3303 932 3382 echini3

105 3384 113 3397 ’
225 3399 408 3465 Pectinibus
423 3402 542 3484 patulis
552 3403 654 3486 jactat
668 3422 702 3465 se
717 3402 814 3466 molle
829 3403 1020 3488 Tarentum.

226 3499 291 3563 Nec
306 3501 367 3563 sibi
381 3520 557 3565 coenarum
571 3502 678 3584 quivis
694 3513 811 3565 temere
827 3512 950 3584 arroget
965 3513 1075 3579 artem,
1199 3501 1241 3565 35

328 3731 363 3783 13.
381 3732 455 3793 alma,
465 3733 495 3782 de
507 3736 570 3800 conj.
639 3736 677 3785 19.
697 3733 783 3792 mulso,
794 3734 824 3783 cle
837 3736 899 3800 conj.
906 3749 916 3791 ,·
933 3742 1022 3793 muno,
1033 3732 1063 3785 de
1074 3749 1137 3800 corr).
