2742 4250
411 303 523 355 menn
546 286 667 355 nso.
692 305 771 358 m
844 391 847 393 ς

284 459 406 524 Metatn
421 462 556 544 privetis
570 481 708 545 opacam
756 514 759 519 .

323 560 471 625 Porticus
485 563 823 645 excipiebotAmlont

240 758 310 822 Nec
326 758 495 823 fortuitum
510 780 659 844 spernere
670 765 825 847 oespi'tem

239 857 344 941 Leges
359 858 516 941 sinebant,
532 862 650 944 oppida
664 864 796 947 publioo

278 958 422 1042 Sumptu
431 960 584 1043 jubentes
598 972 630 1025 et
644 963 779 1028 deorum

321 1057 462 1142 Templa
477 1080 562 1123 novo
576 1061 726 1127 decorare
741 1084 831 1129 saxo.

541 1378 657 1395 m

427 1621 627 1712 *cronno
656 1623 744 1685 xvr.

274 1819 330 1862 AD
364 1819 611 1868 POMPEIUM
647 1825 919 1871 GRoseuuu.

235 1994 349 2058 Otium
363 1992 459 2059 divos
474 2009 564 2081 rogat
580 2000 612 2063 in
628 2002 750 2084 patenti

233 2094 376 2158 Prensus
390 2096 528 2180 Aegaeo,
544 2099 642 2164 simul
657 2111 727 2165 atra
741 2103 845 2167 nubes

212 2204 218 2216 ·
233 2193 387 2258 Condidit
401 2196 523 2278 lunam,
539 2219 645 2284 neque
660 2216 745 2266 certa
759 2203 885 2288 fulgent

315 2291 429 2357 Sidera
443 2297 573 2380 nautis}

232 2490 345 2554 Otium
360 2493 443 2556 bello
459 2495 579 2560 furiosa
595 2499 734 2581 Thrace,

231 2589 344 2654 Otium
360 2592 449 2656 Medi
463 2595 612 2677 pharetra
626 2597 739 2681 decori,

230 2689 383 2774 Grospho,
400 2713 465 2756 non
481 2698 618 2777 gemmis
633 2718 739 2782 neque
754 2721 896 2784 purpura
909 2722 960 2766 ve

312 2791 386 2854 nale
401 2812 506 2876 neque
521 2815 608 2860 auro.

227 2988 301 3052 Non
316 2991 404 3054 enim
418 3013 518 3074 gazae
533 3014 638 3078 neque
653 2999 832 3063 consularis

227 3088 419 3155 Summovet
433 3093 525 3157 lictor
539 3096 672 3160 miseros
687 3099 847 3164 tumultus
1057 3111 1094 3173 10

228 3186 354 3269 Montio,
371 3200 403 3254 et
416 3212 511 3256 ouras
528 3193 678 3276 laqueata
693 3199 815 3265 circum

310 3287 416 3354 Tecta
430 3293 587 3358 volantes.

228 3484 352 3551 Vivitur
365 3507 465 3572 parvo
481 3492 569 3573 bene,
585 3515 638 3558 cur
654 3508 824 3580 paternum

224 3584 378 3668 Splendet
394 3591 428 3653 in
444 3611 556 3656 mensa
573 3596 661 3659 tenui
677 3598 829 3667 salinum.

317 3773 348 3823 ὓ.
362 3775 410 3824 xvi.
423 3775 447 3826 2.
467 3775 572 3829 Pressas.
710 3783 737 3833 ³.
754 3785 845 3838 lumen.
