2742 4250
428 267 549 316 menn
564 266 614 317 Ν.
665 268 695 317 o.
720 267 801 317 vm.
1051 250 1119 323 127

162 428 252 498 Quis
267 426 337 506 scit,
353 445 395 487 an
410 424 563 508 adjiciant
578 423 752 488 hodiernae
765 424 906 487 crastina
921 443 1068 488 summae

249 527 415 608 Tempora
430 524 463 585 dl
478 524 609 606 superi?

163 628 293 689 Cuncta
308 644 428 687 manus
442 622 558 687 avidas
573 622 700 705 fugient
714 623 850 702 heredIS,
866 623 971 685 amico

250 726 349 795 Quae
364 722 488 785 dederis
503 722 621 785 animo.
1079 723 1122 786 ‘dil

166 825 252 887 Cum
268 823 368 886 semel
382 821 536 885 occideris
551 821 637 885 etde
653 832 684 885 te
699 820 868 905 splendida
882 822 991 885 Minos

249 922 375 987 Fecerit
389 922 527 999 arbitria,

168 1021 250 1101 Non,
267 1021 443 1102 Torquate,
459 1038 570 1101 genus
586 1038 652 1083 non
667 1028 700 1081 te
714 1018 875 1099 facundia,
891 1039 957 1083 non
972 1030 1003 1083 to

251 1120 412 1185 Restituet
426 1120 547 1202 pietas;

171 1218 305 1283 infernis
320 1238 425 1300 neque
439 1218 527 1281 enlm
542 1218 679 1281 tenebris
694 1218 804 1283 Diana
818 1217 974 1300 pudicum
1079 1220 1121 1281 25

250 1319 381 1382 Liberat
391 1317 615 1401 Hippolytum,

172 1418 237 1482 Neo
251 1418 396 1481 Lethaea
410 1417 499 1481 valet
513 1417 665 1481 Theseus
680 1417 869 1499 abrumpere
884 1436 959 1481 caro

253 1516 393 1580 Vincula
408 1516 558 1581 Pirithoo.

554 1802 673 1815 -n-

466 2029 647 2091 GARMllN
676 2029 770 2091 VIII.

273 2216 325 2258 At)
358 2215 393 2258 0.
427 2215 626 2258 MARCIUM
660 2215 956 2258 cnnsouinuu.

275 2377 440 2440 Donarem
454 2387 580 2459 pateras
597 2387 754 2460 grataque
769 2376 967 2454 commodus,

235 2475 416 2556 (basonus,
432 2476 512 2538 meis
527 2496 602 2539 aera
618 2474 791 2556 sodalibus,

234 2573 398 2639 Donarem
413 2575 563 2658 tripodas,
579 2576 722 2658 praemia
737 2574 866 2638 fortium

233 2675 413 2754 Graiorum,
429 2693 534 2755 noque
551 2684 587 2737 tu
601 2676 744 2756 pessIma
757 2693 930 2738 munerum

234 2773 355 2853 Fortes,
372 2773 471 2836 divite
488 2793 539 2835 me
555 2774 676 2836 scilicet
691 2774 819 2851 artium,
1102 2773 1121 2834 5

232 2871 327 2940 Quas
343 2882 400 2934 aut
416 2872 610 2934 Parrhasius
624 2872 756 2956 protulit
770 2882 828 2935 aut
842 2872 973 2954 Scopas,

232 2969 293 3033 Hic
309 2989 398 3050 saxo,
414 2970 546 3052 liquidis
561 2971 616 3034 ille
631 2970 790 3034 coloribus

233 3068 350 3132 Sollers
365 3089 453 3133 nunc
468 3070 635 3133 bominem
649 3090 774 3153 ponere,
790 3089 878 3132 nunc
893 3069 999 3132 deum.

232 3166 294 3230 Sed
310 3187 376 3230 non
391 3169 472 3231 haec
487 3169 568 3232 mihi
583 3169 641 3250 vis,
657 3189 724 3232 non
739 3168 795 3231 tibi
810 3169 925 3231 talium

231 3265 295 3329 Res
310 3276 359 3329 est
373 3276 431 3330 aut
446 3268 575 3331 animus
591 3267 781 3332 deliciarum
795 3288 903 3350 egens,
1085 3270 1121 3331 tu

232 3365 362 3429 Gaudes
377 3367 593 3432 carminibus:
606 3367 761 3431 carmina
775 3387 948 3450 possumus

233 3463 359 3528 Dorrare
374 3476 407 3528 et
422 3467 560 3548 pretium
575 3466 680 3529 dicere
695 3467 830 3530 muneri.

467 3667 506 3716 17.
524 3667 760 3716 hodiernae—vitae.

243 3742 271 3795 c.
282 3746 332 3795 viii.
348 3749 370 3796 1.
389 3748 530 3797 commodis.
597 3749 619 3798 9.
638 3765 683 3797 nec
695 3750 744 3797 ribi.
814 3748 851 3797 12.
869 3749 981 3796 muneris.
