2742 4250
227 273 298 346 304
551 289 602 340 ou
628 286 725 340 earu
748 287 913 338 romeu

266 447 412 513 Reddere
427 467 511 529 quae
526 445 646 510 serrum
661 446 757 525 valet,
771 464 883 508 exsors
898 445 968 526 ipsa
983 444 1136 511 secandi:
1178 444 1240 508 305

272 549 391 611 Munus
405 558 437 608 et
451 545 595 608 officium
610 545 656 608 nil
672 545 814 608 scribens
829 563 897 626 ipse
911 543 1042 622 docebo,

271 646 363 712 Unde
377 657 530 728 parentur
543 665 628 726 opes,
643 644 724 725 quid
738 644 806 706 alat
821 644 998 724 formetque
1012 655 1149 726 poetam,

268 745 360 816 Quid
375 746 495 823 deceat,
510 743 590 825 quid
606 763 679 823 non,
695 762 761 826 quo
775 743 886 821 uirtus,
901 762 967 823 quo
981 742 1060 805 ferat
1074 763 1184 811 error..

268 845 434 910 Scribendi
448 855 532 906 recte
546 863 656 925 sapere
672 853 766 906 estet
781 843 975 924 principium
988 853 1021 904 et
1036 841 1126 905 fons:

268 947 350 1009 Rern
366 946 422 1008 tibi
438 944 619 1008 Socraticae
635 952 783 1025 poterunt
796 941 963 1004 ostendere
976 942 1115 1020 chartae,
1180 943 1246 1004 310

268 1045 436 1124 Verbaque
450 1043 612 1124 provisam
628 1061 697 1104 rem
711 1060 776 1104 non
792 1040 896 1102 invita
910 1050 1093 1121 sequentur.

267 1143 339 1212 uui
353 1141 473 1222 didicit,
488 1141 608 1223 patriae
622 1141 702 1222 quid
716 1140 841 1219 debeat,
855 1139 981 1221 etquid
995 1141 1117 1219 amicis,

269 1242 347 1310 Quo
362 1242 404 1303 sit
417 1261 525 1303 amore
541 1259 665 1322 parens,
681 1259 748 1320 quo
762 1237 859 1302 frater
872 1238 1035 1301 amandus
1049 1249 1082 1302 et
1096 1241 1224 1322 hospes,

268 1341 368 1411 Quod
384 1343 425 1403 sit
439 1340 619 1422 conscripti,
632 1339 721 1420 quod
731 1338 850 1422 judicis
864 1338 1018 1417 officium,
1032 1359 1118 1420 quae

272 1443 381 1503 Partes
397 1441 434 1502 in·
446 1440 568 1502 bellurn
584 1439 675 1502 missi
688 1438 799 1520 ducis;
823 1439 876 1501 ille
891 1437 1031 1520 profecto
1182 1440 1247 1502 315

270 1539 414 1602 Reddere
429 1559 583 1621 personae
599 1539 658 1600 scit
674 1539 899 1600 convenientia
912 1538 1041 1619 cuique.

270 1640 438 1721 Respicere
453 1638 619 1720 exemplar
634 1638 720 1700 vitae
734 1657 926 1718 morumque
936 1639 1056 1721 jubebo

270 1740 411 1803 Doctum
426 1738 627 1817 imitatorem,
644 1747 676 1799 et
691 1738 785 1799 vivas
799 1738 876 1800 hinc
890 1737 1006 1800 ducere
1023 1757 1126 1800 voces.

270 1838 437 1902 Interdum
452 1839 596 1920 speciosa
610 1837 690 1900 locis
703 1848 892 1919 morataque
906 1849 989 1901 recte
1361 1905 1363 1912 ,

271 1938 407 2017 Fabula,
423 1938 546 1999 nullius
561 1937 702 2016 Veneris,
718 1937 787 1999 sine
802 1937 941 2019 pondere
955 1948 987 2000 et
1002 1948 1077 2016 arte,
1184 1937 1250 2000 320
1361 1915 1363 1942 Ι

272 2038 406 2100 Vaidius
421 2038 558 2100 oblectat
572 2037 731 2120 populum
745 2037 927 2118 meliusque
942 2048 1090 2117 moratur,

271 2140 384 2208 Quam
399 2158 512 2201 versus
527 2140 637 2219 inopes
652 2157 759 2201 rerum
774 2158 946 2220 nugaeque
959 2158 1103 2202 canorae.

270 2238 376 2300 Graiis
391 2238 567 2320 ingenium,
584 2239 690 2301 Graiis
704 2238 793 2300 dedit
806 2258 860 2301 ore
875 2238 1012 2301 rotundo

271 2336 369 2399 Musa
384 2336 480 2418 loqui,
496 2346 619 2418 praeter
633 2337 766 2400 laudem
780 2337 903 2400 nuliius
918 2338 1035 2401 avaris.

270 2435 409 2498 Romani
425 2436 515 2518 pueri
530 2436 634 2517 longis
650 2437 826 2499 rationibus
841 2456 949 2499 assem
1184 2439 1249 2501 325

271 2534 411 2597 Discunt
426 2535 459 2597 in
474 2546 580 2618 partes
595 2544 727 2598 centum
742 2536 902 2599 diducere.
947 2537 1044 2600 Dicat

270 2634 375 2697 Filius
390 2635 519 2698 Albini:
543 2634 569 2696 si
585 2634 624 2697 de
639 2636 823 2715 quincunce
837 2646 958 2699 remota
973 2647 1022 2698 est

271 2732 385 2814 Uncia,
397 2734 476 2816 quid
492 2736 643 2817 superati
672 2736 802 2797 Poteras
816 2735 957 2799 dixisse:
979 2735 1225 2799 'Priene-Eu!

270 2834 353 2896 Rern
368 2836 484 2915 poteris
500 2854 625 2897 servare
642 2840 742 2898 tuam.
787 2834 885 2898 Redit
899 2836 1006 2915 uncia,
1021 2833 1101 2916 quid
1116 2834 1155 2897 fit
1164 2835 1223 2897 i·-

269 2932 384 2995 Semis.
428 2933 471 2995 At
486 2933 567 2995 haec
582 2916 709 2995 animo's
723 2952 843 3015 aerugo
856 2944 890 2995 et
903 2953 982 2996 cura
996 2932 1104 3015 peculi
1183 2924 1246 2997 330

270 3031 356 3093 Cum
371 3032 470 3094 semel
485 3031 644 3112 imbuerit,
661 3052 829 3115 speramus
842 3033 989 3096 carmina
1003 3032 1084 3115 fingi

269 3130 375 3209 Posse,
392 3129 523 3193 linenda
537 3132 632 3193 cedro
646 3142 678 3194 et
694 3132 758 3195 ievr
771 3133 933 3196 servanda
947 3134 1122 3214 cupresso'.²

268 3229 336 3291 Aut
351 3228 499 3310 prodesse
514 3230 629 3293 volunt
643 3241 704 3294 aut
717 3231 875 3294 delectare
889 3242 1011 3313 poetae,

268 3328 335 3390 Aut
350 3327 447 3390 simu-l
461 3337 494 3389 et
503 3328 651 3411 jucunda
666 3342 699 3393 et
712 3330 829 3393 idonea
842 3331 947 3394 dicere
961 3332 1056 3393 vitae.

268 3426 442 3509 Quidquid
456 3428 639 3510 praecipies,
655 3441 723 3491 esto
737 3431 851 3511 brevis,
867 3442 905 3493 ut
918 3431 981 3493 cito
995 3430 1082 3493 dicta
1182 3432 1244 3494 335

238 3674 294 3723 ³14.
311 3673 464 3736 quid-quid.
531 3675 588 3726 318.
606 3690 682 3725 veras.
748 3675 806 3725 ³19.
819 3676 890 3738 jocis.
956 3676 1234 3738 trainensem.

543 3756 600 3807 ³28.
617 3764 730 3817 superet3
746 3756 806 3806 itia.
820 3766 924 3819 poterat.
