2742 4250
648 214 848 265 CARMINUH

447 372 670 436 Monstnrmve
684 372 873 435 summisere
887 372 1003 436 Colchi

489 470 605 555 Majus,
621 470 842 533 Echioniaeve
856 472 1002 535 Thebae.

405 670 526 735 Marses
540 666 717 752 profundo:
739 669 902 752 pulchrior
914 670 1041 734 evenitt

406 770 561 833 Luctare:
583 768 689 831 multa
703 778 831 850 proruet
843 770 1007 851 integrum

446 870 533 932 Cum
546 867 643 931 laude
657 869 811 930 victorem
824 878 976 951 geretque

488 967 613 1056 Proelia
626 968 818 1051 conjugibus
832 968 1003 1049 loquenda.

405 1166 594 1249 Carthagini
604 1168 675 1249 jam
689 1184 754 1227 non
769 1185 830 1247 ego
844 1166 976 1229 nuntios

407 1268 536 1331 Mittam
550 1266 722 1347 superbos:
743 1264 869 1346 occidit,
884 1266 1002 1328 occidit

447 1367 528 1448 Spes
541 1364 648 1427 omnis
662 1374 696 1427 et
708 1362 838 1428 t'ortuna
852 1365 951 1428 nostri

490 1464 646 1544 Nominis,
662 1463 867 1527 Hasdrubale
881 1464 1079 1548 interempto.

405 1663 460 1727 Nil
476 1662 633 1727 Claudiae
647 1682 714 1726 non
727 1663 893 1745 perficient
906 1683 1033 1744 manus,

405 1763 502 1832 Quas
516 1772 549 1825 et
562 1762 702 1844 benigno
716 1762 852 1825 numine
865 1762 991 1845 Jupiter

450 1860 612 1942 Defendit,
627 1871 660 1924 et
672 1880 771 1924 curae
785 1880 919 1944 sagaces

489 1960 682 2043 Expediunt
695 1980 752 2044 per
765 1971 862 2023 acuta
876 1961 962 2025 belli.

619 2475 800 2539 dannan
833 2476 870 2536 V.

451 2660 504 2702 An
535 2661 765 2704 CAESAREM
799 2659 1042 2704 Aucusutut.

365 2822 459 2885 Divis
473 2833 539 2886 orte
553 2822 654 2900 bonis,
670 2824 789 2906 optime
803 2822 963 2887 Romulae

365 2921 483 2984 Custos
498 2924 612 3006 gentis,
628 2923 708 3010 abes
716 2923 787 3007 jam
801 2922 942 2986 nimium
955 2921 1032 3003 diu3

365 3021 532 3086 Maturum
546 3022 685 3086 reditum
701 3022 860 3105 pollicitus
875 3023 1009 3087 Petrum

449 3121 569 3184 Sancto
583 3121 727 3201 concilio,
742 3120 817 3184 redi.

299 3338 301 3342 ’
365 3321 488 3384 Lucem
502 3319 598 3383 redde
613 3331 696 3403 tuae,
713 3320 783 3385 dux
797 3323 890 3403 bone,
905 3320 1045 3404 patriae;

363 3421 470 3484 Instar
484 3419 567 3483 veris
583 3420 670 3484 enim
685 3420 800 3484 vultus
815 3421 872 3484 ubi
887 3430 964 3483 tuus

322 3618 360 3670 6⁵.
380 3618 488 3682 Menmn
505 3623 577 3671 exiet.
645 3621 686 3678 66,
699 3620 739 3678 67,
750 3619 790 3670 73.
807 3620 908 3682 proruit,
919 3620 1034 3682 geritque,
1044 3615 1176 3681 perdum.

640 3702 665 3752 ὓ.
677 3717 700 3750 v.
712 3702 735 3750 4.
754 3701 862 3750 consilio.
