<?xml version="1.0" encoding="UTF-8"?>
<!DOCTYPE html PUBLIC "-//W3C//DTD XHTML 1.0 Transitional//EN"
    "http://www.w3.org/TR/xhtml1/DTD/xhtml1-transitional.dtd">
<html xmlns="http://www.w3.org/1999/xhtml" xml:lang="en" lang="en">
 <head>
  <title>
</title>
<meta http-equiv="Content-Type" content="text/html;charset=utf-8" />
  <meta name='ocr-system' content='tesseract 3.04.00' />
  <meta name='ocr-capabilities' content='ocr_page ocr_carea ocr_par ocr_line ocrx_word'/>
</head>
<body>
  <div class='ocr_page' id='page_1' title='image "./workshoracewith01lincgoog_0232.png"; bbox 0 0 2742 4250; ppageno 0'>
   <div class='ocr_carea' id='block_1_1' title="bbox 235 225 844 296">
    <p class='ocr_par' dir='ltr' id='par_1_1' title="bbox 235 225 844 296">
     <span class='ocr_line' id='line_1_1' title="bbox 235 225 844 296; baseline -0.01 0"><span class='ocrx_word' id='word_1_1' title='bbox 235 225 303 296; x_wconf 83' lang='lat'>186</span> <span class='ocrx_word' id='word_1_2' title='bbox 631 239 844 292; x_wconf 70' lang='lat' dir='ltr'>sinuantur</span> 
     </span>
    </p>
   </div>
   <div class='ocr_carea' id='block_1_2' title="bbox 228 399 1116 688">
    <p class='ocr_par' dir='ltr' id='par_1_2' title="bbox 228 399 1116 688">
     <span class='ocr_line' id='line_1_2' title="bbox 231 399 995 483; baseline -0.005 -18"><span class='ocrx_word' id='word_1_3' title='bbox 231 401 317 465; x_wconf 86' lang='lat' dir='ltr'>Cum</span> <span class='ocrx_word' id='word_1_4' title='bbox 330 418 383 462; x_wconf 90' lang='lat' dir='ltr'>me</span> <span class='ocrx_word' id='word_1_5' title='bbox 398 400 583 480; x_wconf 79' lang='lat' dir='ltr'>hortaretur,</span> <span class='ocrx_word' id='word_1_6' title='bbox 598 419 702 483; x_wconf 88' lang='lat' dir='ltr'>parce,</span> <span class='ocrx_word' id='word_1_7' title='bbox 717 399 883 481; x_wconf 83' lang='lat' dir='ltr'><strong>frugaliter</strong></span> <span class='ocrx_word' id='word_1_8' title='bbox 897 407 995 481; x_wconf 89' lang='lat' dir='ltr'>atque</span> 
     </span>
     <span class='ocr_line' id='line_1_3' title="bbox 230 498 1116 581; baseline -0.001 -18"><span class='ocrx_word' id='word_1_9' title='bbox 230 501 380 564; x_wconf 84' lang='lat' dir='ltr'>Viverem</span> <span class='ocrx_word' id='word_1_10' title='bbox 393 501 442 562; x_wconf 92' lang='lat' dir='ltr'>uti</span> <span class='ocrx_word' id='word_1_11' title='bbox 457 509 629 562; x_wconf 87' lang='lat' dir='ltr'>contentus</span> <span class='ocrx_word' id='word_1_12' title='bbox 643 519 690 578; x_wconf 90' lang='lat' dir='ltr'>eo,</span> <span class='ocrx_word' id='word_1_13' title='bbox 707 498 795 580; x_wconf 92' lang='lat' dir='ltr'>quod</span> <span class='ocrx_word' id='word_1_14' title='bbox 810 512 856 563; x_wconf 86' lang='lat' dir='ltr'>mt</span> <span class='ocrx_word' id='word_1_15' title='bbox 870 499 938 580; x_wconf 88' lang='lat' dir='ltr'>ipse</span> <span class='ocrx_word' id='word_1_16' title='bbox 952 509 1116 581; x_wconf 86' lang='lat' dir='ltr'>parasset:</span> 
     </span>
     <span class='ocr_line' id='line_1_4' title="bbox 228 597 1058 688; baseline -0.001 -26"><span class='ocrx_word' id='word_1_17' title='bbox 228 599 345 663; x_wconf 84' lang='lat' dir='ltr'><strong>Nonne</strong></span> <span class='ocrx_word' id='word_1_18' title='bbox 359 598 460 678; x_wconf 87' lang='lat' dir='ltr'>vides,</span> <span class='ocrx_word' id='word_1_19' title='bbox 475 599 552 662; x_wconf 86' lang='lat' dir='ltr'>Albt</span> <span class='ocrx_word' id='word_1_20' title='bbox 566 609 603 662; x_wconf 87' lang='lat' dir='ltr'>ut</span> <span class='ocrx_word' id='word_1_21' title='bbox 617 599 704 662; x_wconf 89' lang='lat' dir='ltr'>male</span> <span class='ocrx_word' id='word_1_22' title='bbox 719 598 809 662; x_wconf 84' lang='lat' dir='ltr'>vivat</span> <span class='ocrx_word' id='word_1_23' title='bbox 823 597 935 688; x_wconf 77' lang='lat' dir='ltr'>filiusl</span> <span class='ocrx_word' id='word_1_24' title='bbox 958 609 1058 680; x_wconf 86' lang='lat' dir='ltr'>utque</span> 
     </span>
    </p>
   </div>
   <div class='ocr_carea' id='block_1_3' title="bbox 229 697 1359 781">
    <p class='ocr_par' dir='ltr' id='par_1_3' title="bbox 229 697 1359 781">
     <span class='ocr_line' id='line_1_5' title="bbox 229 697 1359 781; baseline 0.001 -20"><span class='ocrx_word' id='word_1_25' title='bbox 229 699 348 762; x_wconf 88' lang='lat' dir='ltr'>Barrus</span> <span class='ocrx_word' id='word_1_26' title='bbox 357 698 470 781; x_wconf 79' lang='lat' dir='ltr'>inopsl</span> <span class='ocrx_word' id='word_1_27' title='bbox 485 717 644 781; x_wconf 87' lang='lat' dir='ltr'>magnum</span> <span class='ocrx_word' id='word_1_28' title='bbox 652 697 942 778; x_wconf 71' lang='lat' dir='ltr'>documentumne</span> <span class='ocrx_word' id='word_1_29' title='bbox 952 699 1089 780; x_wconf 89' lang='lat' dir='ltr'>patriam</span> <span class='ocrx_word' id='word_1_30' title='bbox 1099 719 1167 763; x_wconf 84' lang='lat' dir='ltr'>reru</span> <span class='ocrx_word' id='word_1_31' title='bbox 1190 701 1253 766; x_wconf 82' lang='lat' dir='ltr'>lltt</span> <span class='ocrx_word' id='word_1_32' title='bbox 1358 741 1359 762; x_wconf 61' lang='lat'>2</span> 
     </span>
    </p>
   </div>
   <div class='ocr_carea' id='block_1_4' title="bbox 229 796 1079 1180">
    <p class='ocr_par' dir='ltr' id='par_1_4' title="bbox 230 796 1038 961">
     <span class='ocr_line' id='line_1_6' title="bbox 230 796 1038 880; baseline -0.001 -19"><span class='ocrx_word' id='word_1_33' title='bbox 230 797 363 862; x_wconf 87' lang='lat' dir='ltr'>Perdere</span> <span class='ocrx_word' id='word_1_34' title='bbox 378 799 452 880; x_wconf 85' lang='lat' dir='ltr'>quis</span> <span class='ocrx_word' id='word_1_35' title='bbox 467 796 553 860; x_wconf 88' lang='lat' dir='ltr'>velit</span> <span class='ocrx_word' id='word_1_36' title='bbox 596 799 627 860; x_wconf 87' lang='lat' dir='ltr'>A</span> <span class='ocrx_word' id='word_1_37' title='bbox 642 798 727 880; x_wconf 86' lang='lat' dir='ltr'>turpi</span> <span class='ocrx_word' id='word_1_38' title='bbox 741 798 914 860; x_wconf 89' lang='lat' dir='ltr'>meretricis</span> <span class='ocrx_word' id='word_1_39' title='bbox 930 817 1038 860; x_wconf 86' lang='lat' dir='ltr'>amore</span> 
     </span>
     <span class='ocr_line' id='line_1_7' title="bbox 230 896 920 961; baseline 0.001 -2"><span class='ocrx_word' id='word_1_40' title='bbox 230 897 316 960; x_wconf 82' lang='lat' dir='ltr'>Cum</span> <span class='ocrx_word' id='word_1_41' title='bbox 330 896 517 961; x_wconf 88' lang='lat' dir='ltr'>deterreret:</span> <span class='ocrx_word' id='word_1_42' title='bbox 539 897 671 959; x_wconf 87' lang='lat' dir='ltr'>Scetani</span> <span class='ocrx_word' id='word_1_43' title='bbox 685 897 852 959; x_wconf 89' lang='lat' dir='ltr'>dissimilis</span> <span class='ocrx_word' id='word_1_44' title='bbox 866 897 920 960; x_wconf 75' lang='lat' dir='ltr'>sis·</span> 
     </span>
    </p>

    <p class='ocr_par' dir='ltr' id='par_1_5' title="bbox 229 996 1079 1180">
     <span class='ocr_line' id='line_1_8' title="bbox 230 996 1079 1079; baseline 0 -19"><span class='ocrx_word' id='word_1_45' title='bbox 230 997 279 1060; x_wconf 88' lang='lat' dir='ltr'>Ne</span> <span class='ocrx_word' id='word_1_46' title='bbox 294 1017 442 1079; x_wconf 89' lang='lat' dir='ltr'>sequerer</span> <span class='ocrx_word' id='word_1_47' title='bbox 455 997 616 1076; x_wconf 89' lang='lat' dir='ltr'>moechas,</span> <span class='ocrx_word' id='word_1_48' title='bbox 632 1015 787 1059; x_wconf 89' lang='lat' dir='ltr'>concessa</span> <span class='ocrx_word' id='word_1_49' title='bbox 801 1015 879 1060; x_wconf 87' lang='lat' dir='ltr'>curn</span> <span class='ocrx_word' id='word_1_50' title='bbox 893 996 1017 1060; x_wconf 82' lang='lat' dir='ltr'>Venere</span> <span class='ocrx_word' id='word_1_51' title='bbox 1031 998 1079 1060; x_wconf 91' lang='lat' dir='ltr'>uti</span> 
     </span>
     <span class='ocr_line' id='line_1_9' title="bbox 229 1094 1077 1180; baseline 0.001 -20"><span class='ocrx_word' id='word_1_52' title='bbox 229 1097 380 1160; x_wconf 84' lang='lat' dir='ltr'><strong>Possem:</strong></span> <span class='ocrx_word' id='word_1_53' title='bbox 403 1097 562 1180; x_wconf 90' lang='lat' dir='ltr'>Deprensi</span> <span class='ocrx_word' id='word_1_54' title='bbox 576 1116 642 1158; x_wconf 90' lang='lat' dir='ltr'>non</span> <span class='ocrx_word' id='word_1_55' title='bbox 656 1096 742 1160; x_wconf 90' lang='lat' dir='ltr'>bella</span> <span class='ocrx_word' id='word_1_56' title='bbox 757 1107 806 1159; x_wconf 92' lang='lat' dir='ltr'>est</span> <span class='ocrx_word' id='word_1_57' title='bbox 820 1094 910 1159; x_wconf 84' lang='lat' dir='ltr'>sarna</span> <span class='ocrx_word' id='word_1_58' title='bbox 925 1097 1077 1177; x_wconf 75' lang='lat' dir='ltr'>Treboni,</span> 
     </span>
    </p>
   </div>
   <div class='ocr_carea' id='block_1_5' title="bbox 229 1196 1360 1279">
    <p class='ocr_par' dir='ltr' id='par_1_6' title="bbox 229 1196 1360 1279">
     <span class='ocr_line' id='line_1_10' title="bbox 229 1196 1360 1279; baseline 0.004 -21"><span class='ocrx_word' id='word_1_59' title='bbox 229 1197 353 1260; x_wconf 83' lang='lat' dir='ltr'>Aiebat.</span> <span class='ocrx_word' id='word_1_60' title='bbox 397 1198 544 1279; x_wconf 80' lang='lat' dir='ltr'>Sapiens,</span> <span class='ocrx_word' id='word_1_61' title='bbox 559 1198 674 1275; x_wconf 89' lang='lat' dir='ltr'>vitatu,</span> <span class='ocrx_word' id='word_1_62' title='bbox 691 1196 834 1278; x_wconf 90' lang='lat' dir='ltr'>quidque</span> <span class='ocrx_word' id='word_1_63' title='bbox 849 1196 951 1278; x_wconf 87' lang='lat' dir='ltr'>petitu</span> <span class='ocrx_word' id='word_1_64' title='bbox 1189 1200 1252 1262; x_wconf 84' lang='lat'>115</span> <span class='ocrx_word' id='word_1_65' title='bbox 1359 1200 1360 1226; x_wconf 66' lang='lat'>¹</span> 
     </span>
    </p>
   </div>
   <div class='ocr_carea' id='block_1_6' title="bbox 205 1295 1252 3569">
    <p class='ocr_par' dir='ltr' id='par_1_7' title="bbox 229 1295 1046 1376">
     <span class='ocr_line' id='line_1_11' title="bbox 229 1295 1046 1376; baseline 0 -18"><span class='ocrx_word' id='word_1_66' title='bbox 229 1296 278 1359; x_wconf 88' lang='lat' dir='ltr'>Sit</span> <span class='ocrx_word' id='word_1_67' title='bbox 292 1296 419 1376; x_wconf 90' lang='lat' dir='ltr'>melius,</span> <span class='ocrx_word' id='word_1_68' title='bbox 434 1315 551 1358; x_wconf 87' lang='lat' dir='ltr'>causas</span> <span class='ocrx_word' id='word_1_69' title='bbox 566 1295 677 1358; x_wconf 88' lang='lat' dir='ltr'>reddet</span> <span class='ocrx_word' id='word_1_70' title='bbox 692 1295 768 1358; x_wconf 91' lang='lat' dir='ltr'>tibi:</span> <span class='ocrx_word' id='word_1_71' title='bbox 790 1303 838 1357; x_wconf 87' lang='lat' dir='ltr'>nrt</span> <span class='ocrx_word' id='word_1_72' title='bbox 853 1296 931 1358; x_wconf 89' lang='lat' dir='ltr'>satis</span> <span class='ocrx_word' id='word_1_73' title='bbox 946 1306 1003 1376; x_wconf 85' lang='lat' dir='ltr'>est,</span> <span class='ocrx_word' id='word_1_74' title='bbox 1019 1297 1046 1358; x_wconf 89' lang='lat' dir='ltr'>si</span> 
     </span>
    </p>

    <p class='ocr_par' dir='ltr' id='par_1_8' title="bbox 228 1395 1085 1477">
     <span class='ocr_line' id='line_1_12' title="bbox 228 1395 1085 1477; baseline -0.001 -20"><span class='ocrx_word' id='word_1_75' title='bbox 228 1395 404 1458; x_wconf 84' lang='lat' dir='ltr'>Traditum</span> <span class='ocrx_word' id='word_1_76' title='bbox 418 1397 460 1458; x_wconf 95' lang='lat' dir='ltr'>ab</span> <span class='ocrx_word' id='word_1_77' title='bbox 475 1395 617 1476; x_wconf 89' lang='lat' dir='ltr'>antiquis</span> <span class='ocrx_word' id='word_1_78' title='bbox 632 1413 753 1456; x_wconf 88' lang='lat' dir='ltr'>morem</span> <span class='ocrx_word' id='word_1_79' title='bbox 768 1414 903 1474; x_wconf 86' lang='lat' dir='ltr'>servare,</span> <span class='ocrx_word' id='word_1_80' title='bbox 920 1405 1085 1477; x_wconf 87' lang='lat' dir='ltr'>tuamque,</span> 
     </span>
    </p>

    <p class='ocr_par' dir='ltr' id='par_1_9' title="bbox 205 1493 994 1576">
     <span class='ocr_line' id='line_1_13' title="bbox 205 1493 994 1576; baseline 0.001 -20"><span class='ocrx_word' id='word_1_81' title='bbox 205 1566 209 1575; x_wconf 23' lang='lat'>4</span> <span class='ocrx_word' id='word_1_82' title='bbox 232 1494 320 1557; x_wconf 91' lang='lat' dir='ltr'>Dum</span> <span class='ocrx_word' id='word_1_83' title='bbox 334 1493 477 1558; x_wconf 88' lang='lat' dir='ltr'>custodis</span> <span class='ocrx_word' id='word_1_84' title='bbox 491 1513 575 1575; x_wconf 83' lang='lat' dir='ltr'>eges,</span> <span class='ocrx_word' id='word_1_85' title='bbox 591 1495 694 1558; x_wconf 89' lang='lat' dir='ltr'>vitam</span> <span class='ocrx_word' id='word_1_86' title='bbox 709 1493 897 1576; x_wconf 83' lang='lat' dir='ltr'>famamque</span> <span class='ocrx_word' id='word_1_87' title='bbox 913 1495 994 1557; x_wconf 86' lang='lat' dir='ltr'>tueri</span> 
     </span>
    </p>

    <p class='ocr_par' dir='ltr' id='par_1_10' title="bbox 229 1591 1057 1677">
     <span class='ocr_line' id='line_1_14' title="bbox 229 1591 1057 1677; baseline 0 -21"><span class='ocrx_word' id='word_1_88' title='bbox 229 1594 429 1657; x_wconf 82' lang='lat' dir='ltr'>lncolrrmem</span> <span class='ocrx_word' id='word_1_89' title='bbox 444 1612 595 1677; x_wconf 84' lang='lat' dir='ltr'>possum3</span> <span class='ocrx_word' id='word_1_90' title='bbox 620 1592 718 1655; x_wconf 91' lang='lat' dir='ltr'>simul</span> <span class='ocrx_word' id='word_1_91' title='bbox 734 1613 773 1655; x_wconf 88' lang='lat' dir='ltr'>ac</span> <span class='ocrx_word' id='word_1_92' title='bbox 788 1591 952 1656; x_wconf 91' lang='lat' dir='ltr'>duraverit</span> <span class='ocrx_word' id='word_1_93' title='bbox 967 1605 1057 1656; x_wconf 87' lang='lat' dir='ltr'>aetas</span> 
     </span>
    </p>

    <p class='ocr_par' dir='ltr' id='par_1_11' title="bbox 229 1693 1221 1876">
     <span class='ocr_line' id='line_1_15' title="bbox 229 1693 1221 1774; baseline 0.002 -18"><span class='ocrx_word' id='word_1_94' title='bbox 229 1694 375 1756; x_wconf 88' lang='lat' dir='ltr'>Membra</span> <span class='ocrx_word' id='word_1_95' title='bbox 390 1694 601 1774; x_wconf 90' lang='lat' dir='ltr'>animumque</span> <span class='ocrx_word' id='word_1_96' title='bbox 615 1703 718 1772; x_wconf 88' lang='lat' dir='ltr'>tuum,</span> <span class='ocrx_word' id='word_1_97' title='bbox 735 1693 828 1755; x_wconf 90' lang='lat' dir='ltr'>nabis</span> <span class='ocrx_word' id='word_1_98' title='bbox 844 1695 913 1754; x_wconf 90' lang='lat' dir='ltr'>sine</span> <span class='ocrx_word' id='word_1_99' title='bbox 928 1694 1052 1756; x_wconf 88' lang='lat' dir='ltr'>cortice.</span> <span class='ocrx_word' id='word_1_100' title='bbox 1096 1695 1151 1758; x_wconf 89' lang='lat' dir='ltr'>Sic</span> <span class='ocrx_word' id='word_1_101' title='bbox 1166 1715 1221 1758; x_wconf 82' lang='lat' dir='ltr'>rna</span> 
     </span>
     <span class='ocr_line' id='line_1_16' title="bbox 229 1783 1010 1876; baseline -0.003 -21"><span class='ocrx_word' id='word_1_102' title='bbox 229 1794 404 1855; x_wconf 83' lang='lat' dir='ltr'>Formabat</span> <span class='ocrx_word' id='word_1_103' title='bbox 419 1812 556 1876; x_wconf 89' lang='lat' dir='ltr'>puerum</span> <span class='ocrx_word' id='word_1_104' title='bbox 570 1792 683 1854; x_wconf 88' lang='lat' dir='ltr'>dictis:</span> <span class='ocrx_word' id='word_1_105' title='bbox 706 1803 739 1854; x_wconf 89' lang='lat' dir='ltr'>et</span> <span class='ocrx_word' id='word_1_106' title='bbox 754 1792 822 1854; x_wconf 87' lang='lat' dir='ltr'>sive</span> <span class='ocrx_word' id='word_1_107' title='bbox 833 1792 976 1875; x_wconf 83' lang='lat' dir='ltr'>jubebat,</span> <span class='ocrx_word' id='word_1_108' title='bbox 1001 1783 1010 1800; x_wconf 75' lang='lat'>⁸</span> 
     </span>
    </p>

    <p class='ocr_par' dir='ltr' id='par_1_12' title="bbox 229 1890 1153 2076">
     <span class='ocr_line' id='line_1_17' title="bbox 229 1890 1153 1973; baseline 0 -17"><span class='ocrx_word' id='word_1_109' title='bbox 229 1893 274 1956; x_wconf 89' lang='lat' dir='ltr'>Ut</span> <span class='ocrx_word' id='word_1_110' title='bbox 287 1890 427 1956; x_wconf 84' lang='lat' dir='ltr'>facerem</span> <span class='ocrx_word' id='word_1_111' title='bbox 440 1891 540 1973; x_wconf 90' lang='lat' dir='ltr'>quid:</span> <span class='ocrx_word' id='word_1_112' title='bbox 563 1891 675 1954; x_wconf 89' lang='lat' dir='ltr'>Habes</span> <span class='ocrx_word' id='word_1_113' title='bbox 690 1901 862 1970; x_wconf 83' lang='lat' dir='ltr'>auctorem,</span> <span class='ocrx_word' id='word_1_114' title='bbox 879 1911 944 1971; x_wconf 91' lang='lat' dir='ltr'>quo</span> <span class='ocrx_word' id='word_1_115' title='bbox 958 1891 1059 1954; x_wconf 69' lang='lat' dir='ltr'>iacias</span> <span class='ocrx_word' id='word_1_116' title='bbox 1072 1893 1153 1956; x_wconf 89' lang='lat' dir='ltr'>hoc:</span> 
     </span>
     <span class='ocr_line' id='line_1_18' title="bbox 230 1991 1062 2076; baseline -0.002 -21"><span class='ocrx_word' id='word_1_117' title='bbox 230 1993 342 2056; x_wconf 90' lang='lat' dir='ltr'>Unum</span> <span class='ocrx_word' id='word_1_118' title='bbox 356 2013 398 2054; x_wconf 89' lang='lat' dir='ltr'>ex</span> <span class='ocrx_word' id='word_1_119' title='bbox 408 1992 573 2076; x_wconf 88' lang='lat' dir='ltr'>judicibus</span> <span class='ocrx_word' id='word_1_120' title='bbox 588 1991 714 2053; x_wconf 87' lang='lat' dir='ltr'>selectis</span> <span class='ocrx_word' id='word_1_121' title='bbox 729 1992 915 2075; x_wconf 82' lang='lat' dir='ltr'>objiciebat3</span> <span class='ocrx_word' id='word_1_122' title='bbox 1060 1998 1062 2002; x_wconf 82' lang='lat'>&#39;</span> 
     </span>
    </p>

    <p class='ocr_par' dir='ltr' id='par_1_13' title="bbox 229 2091 1116 2157">
     <span class='ocr_line' id='line_1_19' title="bbox 229 2091 1116 2157; baseline -0.002 -1"><span class='ocrx_word' id='word_1_123' title='bbox 229 2094 306 2157; x_wconf 83' lang='lat' dir='ltr'>Sive</span> <span class='ocrx_word' id='word_1_124' title='bbox 322 2093 470 2155; x_wconf 88' lang='lat' dir='ltr'>vetabat:</span> <span class='ocrx_word' id='word_1_125' title='bbox 493 2112 537 2155; x_wconf 90' lang='lat' dir='ltr'>an</span> <span class='ocrx_word' id='word_1_126' title='bbox 552 2092 613 2154; x_wconf 91' lang='lat' dir='ltr'>hoc</span> <span class='ocrx_word' id='word_1_127' title='bbox 628 2091 838 2155; x_wconf 88' lang='lat' dir='ltr'>inhonestum</span> <span class='ocrx_word' id='word_1_128' title='bbox 852 2101 884 2157; x_wconf 89' lang='lat' dir='ltr'>et</span> <span class='ocrx_word' id='word_1_129' title='bbox 899 2092 1011 2155; x_wconf 89' lang='lat' dir='ltr'>inutile</span> <span class='ocrx_word' id='word_1_130' title='bbox 1026 2091 1116 2155; x_wconf 81' lang='lat' dir='ltr'>sactu</span> 
     </span>
    </p>

    <p class='ocr_par' dir='ltr' id='par_1_14' title="bbox 229 2190 1252 2473">
     <span class='ocr_line' id='line_1_20' title="bbox 230 2190 1252 2274; baseline 0.001 -18"><span class='ocrx_word' id='word_1_131' title='bbox 230 2193 340 2257; x_wconf 88' lang='lat' dir='ltr'>Necne</span> <span class='ocrx_word' id='word_1_132' title='bbox 355 2194 405 2272; x_wconf 90' lang='lat' dir='ltr'>sit,</span> <span class='ocrx_word' id='word_1_133' title='bbox 420 2192 599 2272; x_wconf 90' lang='lat' dir='ltr'>addubites,</span> <span class='ocrx_word' id='word_1_134' title='bbox 611 2190 726 2274; x_wconf 80' lang='lat' dir='ltr'>flagret</span> <span class='ocrx_word' id='word_1_135' title='bbox 740 2212 866 2255; x_wconf 89' lang='lat' dir='ltr'>rumore</span> <span class='ocrx_word' id='word_1_136' title='bbox 880 2193 968 2255; x_wconf 91' lang='lat' dir='ltr'>malo</span> <span class='ocrx_word' id='word_1_137' title='bbox 981 2212 1058 2255; x_wconf 91' lang='lat' dir='ltr'>cum</span> <span class='ocrx_word' id='word_1_138' title='bbox 1188 2194 1252 2258; x_wconf 82' lang='lat'>125</span> 
     </span>
     <span class='ocr_line' id='line_1_21' title="bbox 229 2290 1121 2374; baseline -0.002 -19"><span class='ocrx_word' id='word_1_139' title='bbox 229 2294 291 2355; x_wconf 89' lang='lat' dir='ltr'>Hic</span> <span class='ocrx_word' id='word_1_140' title='bbox 306 2303 404 2374; x_wconf 89' lang='lat' dir='ltr'>atque</span> <span class='ocrx_word' id='word_1_141' title='bbox 418 2292 495 2355; x_wconf 76' lang='lat' dir='ltr'>ittet</span> <span class='ocrx_word' id='word_1_142' title='bbox 539 2291 663 2354; x_wconf 90' lang='lat' dir='ltr'>Avidos</span> <span class='ocrx_word' id='word_1_143' title='bbox 677 2292 825 2354; x_wconf 84' lang='lat' dir='ltr'>vicinum</span> <span class='ocrx_word' id='word_1_144' title='bbox 840 2290 941 2354; x_wconf 80' lang='lat' dir='ltr'>funus</span> <span class='ocrx_word' id='word_1_145' title='bbox 956 2303 995 2354; x_wconf 90' lang='lat' dir='ltr'>ut</span> <span class='ocrx_word' id='word_1_146' title='bbox 1009 2312 1121 2373; x_wconf 86' lang='lat' dir='ltr'>aegros</span> 
     </span>
     <span class='ocr_line' id='line_1_22' title="bbox 229 2390 1036 2473; baseline -0.002 -18"><span class='ocrx_word' id='word_1_147' title='bbox 229 2390 416 2472; x_wconf 83' lang='lat' dir='ltr'>Exanimat,</span> <span class='ocrx_word' id='word_1_148' title='bbox 432 2392 607 2473; x_wconf 87' lang='lat' dir='ltr'>mortisque</span> <span class='ocrx_word' id='word_1_149' title='bbox 621 2402 712 2455; x_wconf 90' lang='lat' dir='ltr'>metu</span> <span class='ocrx_word' id='word_1_150' title='bbox 726 2391 786 2455; x_wconf 90' lang='lat' dir='ltr'>sibi</span> <span class='ocrx_word' id='word_1_151' title='bbox 801 2410 929 2473; x_wconf 84' lang='lat' dir='ltr'>parcere</span> <span class='ocrx_word' id='word_1_152' title='bbox 943 2391 1036 2473; x_wconf 85' lang='lat' dir='ltr'>cogit,</span> 
     </span>
    </p>

    <p class='ocr_par' dir='ltr' id='par_1_15' title="bbox 229 2490 977 2573">
     <span class='ocr_line' id='line_1_23' title="bbox 229 2490 977 2573; baseline -0.004 -18"><span class='ocrx_word' id='word_1_153' title='bbox 229 2493 282 2556; x_wconf 86' lang='lat' dir='ltr'>Sic</span> <span class='ocrx_word' id='word_1_154' title='bbox 298 2503 422 2554; x_wconf 89' lang='lat' dir='ltr'>teneros</span> <span class='ocrx_word' id='word_1_155' title='bbox 437 2492 563 2553; x_wconf 90' lang='lat' dir='ltr'>animos</span> <span class='ocrx_word' id='word_1_156' title='bbox 577 2491 685 2553; x_wconf 89' lang='lat' dir='ltr'>aliena</span> <span class='ocrx_word' id='word_1_157' title='bbox 699 2490 867 2573; x_wconf 88' lang='lat' dir='ltr'>opprobria</span> <span class='ocrx_word' id='word_1_158' title='bbox 882 2509 977 2572; x_wconf 87' lang='lat' dir='ltr'>saepe</span> 
     </span>
    </p>

    <p class='ocr_par' dir='ltr' id='par_1_16' title="bbox 231 2589 1043 2672">
     <span class='ocr_line' id='line_1_24' title="bbox 231 2589 1043 2672; baseline -0.004 -18"><span class='ocrx_word' id='word_1_159' title='bbox 231 2592 414 2654; x_wconf 82' lang='lat' dir='ltr'>Absterrent</span> <span class='ocrx_word' id='word_1_160' title='bbox 428 2591 523 2667; x_wconf 72' lang='lat' dir='ltr'>vitiis.</span> <span class='ocrx_word' id='word_1_161' title='bbox 567 2590 623 2652; x_wconf 82' lang='lat' dir='ltr'>Ex</span> <span class='ocrx_word' id='word_1_162' title='bbox 637 2591 699 2652; x_wconf 88' lang='lat' dir='ltr'>hoc</span> <span class='ocrx_word' id='word_1_163' title='bbox 714 2609 783 2672; x_wconf 87' lang='lat' dir='ltr'>ego,</span> <span class='ocrx_word' id='word_1_164' title='bbox 799 2608 900 2652; x_wconf 85' lang='lat' dir='ltr'>sanus</span> <span class='ocrx_word' id='word_1_165' title='bbox 914 2591 956 2652; x_wconf 86' lang='lat' dir='ltr'>ab</span> <span class='ocrx_word' id='word_1_166' title='bbox 970 2589 1043 2665; x_wconf 89' lang='lat' dir='ltr'>illis,</span> 
     </span>
    </p>

    <p class='ocr_par' dir='ltr' id='par_1_17' title="bbox 229 2686 1252 2872">
     <span class='ocr_line' id='line_1_25' title="bbox 229 2686 1252 2771; baseline -0.002 -18"><span class='ocrx_word' id='word_1_167' title='bbox 229 2691 409 2753; x_wconf 87' lang='lat' dir='ltr'>Perniciem</span> <span class='ocrx_word' id='word_1_168' title='bbox 423 2708 639 2771; x_wconf 90' lang='lat' dir='ltr'>quaecunque</span> <span class='ocrx_word' id='word_1_169' title='bbox 655 2688 770 2769; x_wconf 84' lang='lat' dir='ltr'>ferunt,</span> <span class='ocrx_word' id='word_1_170' title='bbox 787 2686 1009 2767; x_wconf 65' lang='lat' dir='ltr'>mediocribus</span> <span class='ocrx_word' id='word_1_171' title='bbox 1025 2698 1058 2751; x_wconf 86' lang='lat' dir='ltr'>ct</span> <span class='ocrx_word' id='word_1_172' title='bbox 1073 2696 1148 2769; x_wconf 90' lang='lat' dir='ltr'>quts</span> <span class='ocrx_word' id='word_1_173' title='bbox 1186 2688 1252 2751; x_wconf 88' lang='grc'>130</span> 
     </span>
     <span class='ocr_line' id='line_1_26' title="bbox 230 2788 961 2872; baseline -0.005 -19"><span class='ocrx_word' id='word_1_174' title='bbox 230 2790 391 2872; x_wconf 85' lang='lat' dir='ltr'>Ignoscas,</span> <span class='ocrx_word' id='word_1_175' title='bbox 407 2789 494 2852; x_wconf 89' lang='lat' dir='ltr'>vitiis</span> <span class='ocrx_word' id='word_1_176' title='bbox 512 2798 638 2869; x_wconf 87' lang='lat' dir='ltr'>teneor;</span> <span class='ocrx_word' id='word_1_177' title='bbox 662 2788 805 2850; x_wconf 83' lang='lat' dir='ltr'>fortassis</span> <span class='ocrx_word' id='word_1_178' title='bbox 820 2797 852 2849; x_wconf 92' lang='lat' dir='ltr'>et</span> <span class='ocrx_word' id='word_1_179' title='bbox 867 2788 961 2850; x_wconf 88' lang='lat' dir='ltr'>istinc</span> 
     </span>
    </p>

    <p class='ocr_par' dir='ltr' id='par_1_18' title="bbox 230 2887 1022 2971">
     <span class='ocr_line' id='line_1_27' title="bbox 230 2887 1022 2971; baseline -0.008 -16"><span class='ocrx_word' id='word_1_180' title='bbox 230 2892 374 2971; x_wconf 80' lang='lat' dir='ltr'>largiter</span> <span class='ocrx_word' id='word_1_181' title='bbox 388 2890 555 2953; x_wconf 86' lang='lat' dir='ltr'>abstulerit</span> <span class='ocrx_word' id='word_1_182' title='bbox 569 2889 666 2971; x_wconf 85' lang='lat' dir='ltr'>longa</span> <span class='ocrx_word' id='word_1_183' title='bbox 680 2898 779 2967; x_wconf 77' lang='lat' dir='ltr'>aetaS,</span> <span class='ocrx_word' id='word_1_184' title='bbox 795 2887 874 2950; x_wconf 86' lang='lat' dir='ltr'>liber</span> <span class='ocrx_word' id='word_1_185' title='bbox 888 2888 1022 2966; x_wconf 89' lang='lat' dir='ltr'>amicus,</span> 
     </span>
    </p>

    <p class='ocr_par' dir='ltr' id='par_1_19' title="bbox 230 2986 1234 3169">
     <span class='ocr_line' id='line_1_28' title="bbox 230 2986 1234 3071; baseline -0.004 -18"><span class='ocrx_word' id='word_1_186' title='bbox 230 2990 410 3053; x_wconf 81' lang='lat' dir='ltr'>Consilium</span> <span class='ocrx_word' id='word_1_187' title='bbox 424 2989 605 3071; x_wconf 89' lang='lat' dir='ltr'>proprium:</span> <span class='ocrx_word' id='word_1_188' title='bbox 627 3008 733 3069; x_wconf 88' lang='lat' dir='ltr'>neque</span> <span class='ocrx_word' id='word_1_189' title='bbox 748 2988 844 3066; x_wconf 88' lang='lat' dir='ltr'>eninr,</span> <span class='ocrx_word' id='word_1_190' title='bbox 860 3006 938 3063; x_wconf 87' lang='lat' dir='ltr'>curn</span> <span class='ocrx_word' id='word_1_191' title='bbox 952 2986 1092 3049; x_wconf 86' lang='lat' dir='ltr'>lectulus</span> <span class='ocrx_word' id='word_1_192' title='bbox 1106 2996 1165 3048; x_wconf 93' lang='lat' dir='ltr'>aut</span> <span class='ocrx_word' id='word_1_193' title='bbox 1180 3005 1234 3049; x_wconf 90' lang='lat' dir='ltr'>me</span> 
     </span>
     <span class='ocr_line' id='line_1_29' title="bbox 232 3086 1161 3169; baseline -0.006 -17"><span class='ocrx_word' id='word_1_194' title='bbox 232 3090 375 3152; x_wconf 89' lang='lat' dir='ltr'>Porticus</span> <span class='ocrx_word' id='word_1_195' title='bbox 389 3086 523 3169; x_wconf 81' lang='lat' dir='ltr'>excepit,</span> <span class='ocrx_word' id='word_1_196' title='bbox 539 3088 656 3150; x_wconf 90' lang='lat' dir='ltr'>desum</span> <span class='ocrx_word' id='word_1_197' title='bbox 669 3088 760 3149; x_wconf 91' lang='lat' dir='ltr'>mihi.</span> <span class='ocrx_word' id='word_1_198' title='bbox 804 3086 938 3149; x_wconf 87' lang='lat' dir='ltr'>Rectius</span> <span class='ocrx_word' id='word_1_199' title='bbox 953 3086 1014 3147; x_wconf 88' lang='lat' dir='ltr'>hoc</span> <span class='ocrx_word' id='word_1_200' title='bbox 1029 3094 1086 3163; x_wconf 87' lang='lat' dir='ltr'>est,</span> <span class='ocrx_word' id='word_1_201' title='bbox 1103 3130 1111 3147; x_wconf 89' lang='lat'><strong>.</strong></span> <span class='ocrx_word' id='word_1_202' title='bbox 1129 3132 1136 3147; x_wconf 92' lang='lat'><strong>.</strong></span> <span class='ocrx_word' id='word_1_203' title='bbox 1153 3130 1161 3147; x_wconf 93' lang='lat'><strong>.</strong></span> 
     </span>
    </p>

    <p class='ocr_par' dir='ltr' id='par_1_20' title="bbox 231 3182 1249 3569">
     <span class='ocr_line' id='line_1_30' title="bbox 231 3182 1249 3253; baseline -0.008 0"><span class='ocrx_word' id='word_1_204' title='bbox 231 3189 300 3253; x_wconf 89' lang='lat' dir='ltr'>Hoc</span> <span class='ocrx_word' id='word_1_205' title='bbox 314 3187 436 3251; x_wconf 82' lang='lat' dir='ltr'>faciens</span> <span class='ocrx_word' id='word_1_206' title='bbox 450 3188 562 3249; x_wconf 89' lang='lat' dir='ltr'>vivam</span> <span class='ocrx_word' id='word_1_207' title='bbox 576 3186 701 3250; x_wconf 90' lang='lat' dir='ltr'>melius.</span> <span class='ocrx_word' id='word_1_208' title='bbox 746 3186 801 3250; x_wconf 89' lang='lat' dir='ltr'>Sic</span> <span class='ocrx_word' id='word_1_209' title='bbox 816 3185 921 3248; x_wconf 87' lang='lat' dir='ltr'>dulcis</span> <span class='ocrx_word' id='word_1_210' title='bbox 935 3184 1049 3247; x_wconf 89' lang='lat' dir='ltr'>amicis</span> <span class='ocrx_word' id='word_1_211' title='bbox 1186 3182 1249 3246; x_wconf 78' lang='lat'>135</span> 
     </span>
     <span class='ocr_line' id='line_1_31' title="bbox 231 3282 1200 3367; baseline -0.004 -15"><span class='ocrx_word' id='word_1_212' title='bbox 231 3290 416 3352; x_wconf 84' lang='lat' dir='ltr'>Occurram.</span> <span class='ocrx_word' id='word_1_213' title='bbox 460 3285 532 3348; x_wconf 86' lang='lat' dir='ltr'>Hoc</span> <span class='ocrx_word' id='word_1_214' title='bbox 546 3284 682 3367; x_wconf 91' lang='lat' dir='ltr'>quidam</span> <span class='ocrx_word' id='word_1_215' title='bbox 697 3304 763 3348; x_wconf 89' lang='lat' dir='ltr'>non</span> <span class='ocrx_word' id='word_1_216' title='bbox 778 3284 878 3348; x_wconf 90' lang='lat' dir='ltr'>belle:</span> <span class='ocrx_word' id='word_1_217' title='bbox 901 3284 1063 3364; x_wconf 88' lang='lat' dir='ltr'>numquid</span> <span class='ocrx_word' id='word_1_218' title='bbox 1078 3302 1138 3365; x_wconf 85' lang='lat' dir='ltr'>ego</span> <span class='ocrx_word' id='word_1_219' title='bbox 1152 3282 1200 3349; x_wconf 92' lang='lat' dir='ltr'>illi</span> 
     </span>
     <span class='ocr_line' id='line_1_32' title="bbox 232 3384 1147 3471; baseline -0.005 -19"><span class='ocrx_word' id='word_1_220' title='bbox 232 3388 421 3471; x_wconf 84' lang='lat' dir='ltr'>imprudens</span> <span class='ocrx_word' id='word_1_221' title='bbox 436 3385 514 3447; x_wconf 91' lang='lat' dir='ltr'>olim</span> <span class='ocrx_word' id='word_1_222' title='bbox 528 3384 648 3447; x_wconf 85' lang='lat' dir='ltr'>faciam</span> <span class='ocrx_word' id='word_1_223' title='bbox 661 3384 792 3448; x_wconf 74' lang='lat' dir='ltr'>simile?</span> <span class='ocrx_word' id='word_1_224' title='bbox 835 3385 926 3448; x_wconf 86' lang='lat' dir='ltr'>Haec</span> <span class='ocrx_word' id='word_1_225' title='bbox 942 3402 1001 3466; x_wconf 86' lang='lat' dir='ltr'>ego</span> <span class='ocrx_word' id='word_1_226' title='bbox 1016 3402 1147 3447; x_wconf 87' lang='lat' dir='ltr'>mecum</span> 
     </span>
     <span class='ocr_line' id='line_1_33' title="bbox 231 3482 1017 3569; baseline -0.008 -19"><span class='ocrx_word' id='word_1_227' title='bbox 231 3485 428 3569; x_wconf 81' lang='lat' dir='ltr'>Compressis</span> <span class='ocrx_word' id='word_1_228' title='bbox 443 3485 530 3566; x_wconf 83' lang='lat' dir='ltr'>agito</span> <span class='ocrx_word' id='word_1_229' title='bbox 545 3484 663 3566; x_wconf 77' lang='lat' dir='ltr'>labris,</span> <span class='ocrx_word' id='word_1_230' title='bbox 686 3484 742 3547; x_wconf 88' lang='lat' dir='ltr'>ubi</span> <span class='ocrx_word' id='word_1_231' title='bbox 758 3483 838 3566; x_wconf 92' lang='lat' dir='ltr'>quid</span> <span class='ocrx_word' id='word_1_232' title='bbox 852 3482 949 3546; x_wconf 89' lang='lat' dir='ltr'>datur</span> <span class='ocrx_word' id='word_1_233' title='bbox 965 3489 1017 3562; x_wconf 81' lang='lat' dir='ltr'>ott,</span> 
     </span>
    </p>
   </div>
   <div class='ocr_carea' id='block_1_7' title="bbox 276 3710 1202 3777">
    <p class='ocr_par' dir='ltr' id='par_1_21' title="bbox 276 3710 1202 3777">
     <span class='ocr_line' id='line_1_34' title="bbox 276 3710 1202 3777; baseline -0.004 -14"><span class='ocrx_word' id='word_1_234' title='bbox 276 3717 330 3767; x_wconf 78' lang='lat'>119.</span> <span class='ocrx_word' id='word_1_235' title='bbox 346 3716 446 3777; x_wconf 67' lang='lat' dir='ltr'>posim.</span> <span class='ocrx_word' id='word_1_236' title='bbox 514 3714 569 3764; x_wconf 73' lang='lat' dir='ltr'>tas.</span> <span class='ocrx_word' id='word_1_237' title='bbox 587 3714 677 3764; x_wconf 79' lang='lat' dir='ltr'>electis.</span> <span class='ocrx_word' id='word_1_238' title='bbox 747 3712 801 3761; x_wconf 78' lang='lat'>124.</span> <span class='ocrx_word' id='word_1_239' title='bbox 820 3710 915 3761; x_wconf 82' lang='lat' dir='ltr'>lactum.</span> <span class='ocrx_word' id='word_1_240' title='bbox 987 3712 1041 3761; x_wconf 76' lang='lat'>132.</span> <span class='ocrx_word' id='word_1_241' title='bbox 1058 3710 1202 3760; x_wconf 80' lang='lat' dir='ltr'>abstulerint</span> 
     </span>
    </p>
   </div>
   <div class='ocr_carea' id='block_1_8' title="bbox 0 0 1377 4250">
    <p class='ocr_par' dir='ltr' id='par_1_22' title="bbox 0 0 1377 4250">
     <span class='ocr_line' id='line_1_35' title="bbox 0 0 1377 4250; baseline 0 0"><span class='ocrx_word' id='word_1_242' title='bbox 0 0 1377 4250; x_wconf 95' lang='lat' dir='ltr'> </span> 
     </span>
    </p>
   </div>
  </div>
 </body>
</html>
