2742 4250
446 263 620 314 maan.
670 262 780 314 (tm.

296 419 459 504 Quisquis
472 421 618 504 ingentes
632 420 727 484 oculo
741 385 883 484 {raam

378 521 511 604 Spectat
524 537 664 582 aoervoa

478 1014 657 1078 GARMEN
678 1006 769 1076 m·

404 1199 461 1244 AD
497 1199 540 1246 Q·
577 1197 824 1242 DELLIUM.

255 1350 402 1430 Aequam
415 1355 578 1410 memento
592 1343 688 1408 rebus
703 1345 737 1407 in
752 1342 862 1407 ardum

253 1447 387 1510 Servare
401 1455 552 1526 mentem,
567 1463 633 1507 non
648 1463 742 1506 secus
758 1443 792 1507 in
806 1442 899 1506 bonis

294 1546 345 1609 Ab
358 1544 508 1608 insolenti
522 1551 731 1625 temperatam

336 1643 484 1723 Laetitia,
499 1641 650 1705 moriture
664 1640 760 1720 Delli,

252 1843 319 1907 Seu
332 1850 475 1905 moestus
489 1838 578 1902 omni
594 1849 734 1921 tempore
749 1838 877 1918 vixeris,
1097 1839 1117 1899 ὅ

250 1943 315 2006 Seu
332 1950 363 2003 te
377 1939 412 2003 in
426 1948 546 2002 remoto
560 1938 705 2021 gramine
719 1957 775 2019 per
789 1933 857 1999 dies

294 2041 409 2104 Festos
423 2037 614 2101 reclinatum
630 2034 735 2098 bearis

336 2136 486 2201 Interiore
501 2145 579 2199 nota
596 2133 736 2199 Falerni.

253 2336 331 2405 Quo
346 2334 443 2417 pinus
457 2333 572 2416 ingens
587 2332 726 2413 albaque
740 2330 878 2414 populus

256 2430 415 2496 Umbram
428 2430 622 2513 hospitalem
635 2430 818 2493 consociare
831 2440 944 2492 amant
1077 2430 1119 2493 10

295 2529 434 2597 Remis?
476 2528 569 2599 Quid
582 2528 713 2611 obliquo
725 2528 849 2592 laborat

339 2627 492 2712 Lympha
507 2625 610 2711 fugax
624 2626 781 2709 trepidare
795 2627 887 2690 rivo?

255 2813 331 2877 Huc
345 2812 423 2873 vina
437 2821 469 2873 et
483 2819 651 2893 unguenta
664 2819 697 2873 et
710 2809 850 2873 nimium
863 2810 975 2872 breves

258 2911 368 2975 Flores
382 2928 539 2991 amoenae
552 2906 632 2972 ferre
641 2908 721 2991 jube
734 2927 848 2987 roseos

298 3009 389 3073 Dum
402 3028 453 3073 res
466 3016 499 3071 et
512 3016 602 3071 aetas
614 3016 647 3071 et
661 3025 805 3070 sororum

340 3107 415 3175 Fila
430 3107 526 3171 trium
543 3106 711 3190 patiuntur
725 3114 805 3169 atra.

258 3289 362 3354 Gades
376 3289 529 3372 coemptis
545 3288 680 3351 saltibus
696 3297 729 3351 et
742 3286 838 3350 domo

262 3388 417 3473 villaque,
432 3386 538 3451 flavus
552 3406 654 3469 quam
667 3386 796 3451 Tiberis
810 3385 899 3467 lavit,

373 3570 402 3621 C.
413 3572 449 3621 tii.
460 3571 533 3621 9-12.
551 3568 733 3629 Quo-Remis,
743 3569 866 3619 et-rivot

127 3656 147 3705 ΙΙ
172 3670 215 3717 qoc
228 3652 338 3715 obliqu03
355 3668 401 3715 qua
412 3651 524 3713 obliqu03
541 3667 587 3713 qua
598 3660 623 3701 et
634 3649 739 3711 obliquo.
785 3650 815 3699 1³
837 3650 875 3699 14.
892 3648 1119 3698 brevia-amm

433 3732 471 3781 17.
489 3732 567 3781 domu,
679 3730 717 3779 18.
734 3730 806 3780 lavat
