2742 4250
648 253 796 304 nPonou

582 539 765 602 canituri
796 538 859 600 ΙΙΙ.

504 755 557 797 ΑΒ
594 753 940 798 nascendum.

361 947 508 1012 Parentis
521 947 601 1010 olim
616 947 643 1010 si
658 947 732 1030 quis
747 947 848 1031 impia
863 967 963 1011 manu

402 1049 511 1114 Senile
525 1057 639 1132 guttur
652 1045 787 1130 fregerit,

361 1147 441 1210 Edit
454 1148 569 1211 cicutis
583 1146 700 1210 allium
715 1147 893 1210 nocentius

404 1247 434 1311 0
449 1246 531 1310 dura
546 1266 726 1310 messorum
740 1246 815 1311 ilia!

360 1346 454 1417 Quid
469 1346 531 1410 hoc
546 1345 664 1409 veneni
678 1346 783 1409 saevit
797 1345 831 1409 in
846 1345 1063 1429 praecordiis?
1212 1348 1232 1409 5

404 1446 495 1510 Num
508 1446 674 1528 viperinus
688 1446 740 1509 his
754 1464 848 1508 cruor

361 1546 512 1610 Incoctus
527 1545 633 1609 herbis
648 1566 701 1609 me
715 1544 853 1609 fefellit?
875 1565 919 1609 an
934 1545 1038 1608 malas

404 1644 542 1708 Canidia
557 1645 707 1708 tractavit
720 1643 845 1728 dapes?

361 1745 406 1809 Ut
420 1746 625 1828 Argonautas
639 1755 764 1827 praeter
777 1763 890 1807 ornnes
904 1743 1081 1808 candidum

403 1844 519 1909 Medea
534 1845 649 1906 mirata
663 1853 713 1906 est
727 1842 852 1924 ducem,
1192 1846 1231 1907 10

360 1945 475 2028 Ignota
489 1944 589 2007 tauris
603 1943 804 2026 illigaturum
813 1945 892 2027 juga
988 1999 991 2004 ,

403 2044 560 2125 Perunxit
573 2044 635 2106 hoc
650 2044 819 2108 Iasonem:

361 2146 432 2209 Hoc
447 2144 598 2208 delibutis
612 2143 682 2207 ulta
697 2142 790 2205 donis
805 2142 961 2225 pellicem,

403 2246 557 2327 serpente
571 2242 655 2327 sugit
670 2242 755 2306 alite.

362 2345 431 2409 Nec
445 2354 556 2407 tantus
571 2363 720 2426 unquam
734 2342 876 2405 siderum
892 2342 1009 2405 insedit
1023 2360 1123 2423 vapor
1190 2338 1230 2407 15

403 2443 593 2514 siticulosae
608 2442 766 2526 Apuliae3

362 2542 430 2609 Nec
444 2561 568 2606 munus
582 2541 726 2605 humeris
740 2540 880 2603 efficacis
895 2538 1044 2603 Herculis

402 2643 520 2707 Inarsit
535 2641 727 2707 aestuosius.
1365 2658 1366 2713 p

362 2745 414 2824 At,
430 2744 458 2806 si
473 2742 553 2826 quid
567 2760 717 2825 unquam
732 2722 796 2803 tale
810 2738 1041 2822 concupiveris,
1365 2716 1366 2785 l

403 2844 516 2907 Jocose
531 2842 716 2921 Maecenas,
731 2859 849 2924 precor,
1188 2836 1230 2899 20

364 2944 501 3010 Manum
515 2942 625 3029 puella
639 2943 731 3006 savio
745 2950 885 3026 opponat
899 2950 964 3021 tuo,
1016 3014 1019 3021 ι

404 3043 561 3107 Extrema
576 3053 608 3106 et
622 3044 656 3106 in
671 3042 796 3125 sponda
810 3042 915 3105 cubet.

490 3243 518 3295 0.
530 3244 564 3293 iit
577 3244 600 3295 3.
620 3242 692 3295 Euat.
792 3242 816 3292 8.
833 3242 943 3292 tentam.
1016 3245 1027 3270 Χ
