2742 4250
422 103 430 138 t

217 217 286 286 262
597 231 850 281 nsrsromnurr

216 390 307 454 Vivis
321 399 355 451 et
369 388 479 468 urtice,
495 389 542 451 sic
556 389 647 450 vives
663 388 817 470 protinus,
833 398 870 450 ut
884 399 917 451 te

218 488 396 551 Confestim
411 487 555 569 liquidus
570 488 735 552 Fortunae
748 487 838 550 rivus
852 487 997 550 inauret:

217 588 274 651 Vel
289 589 367 670 quia
381 598 533 650 naturam
547 598 672 650 mutare
688 587 827 669 pecunia
840 587 953 665 nescit,
1201 588 1243 649 to

218 687 275 750 vel
289 687 367 767 quia
381 697 500 748 cuncte
514 697 610 768 putas
626 706 694 748 una
708 687 827 750 virtute
840 686 975 748 minora

218 787 380 866 Miramur,
397 787 423 848 si
442 786 613 848 Democriti
628 805 728 868 pecus
742 786 809 848 edit
822 785 944 868 agellos

218 885 387 967 Cultaque,
403 884 483 948 dum
497 905 626 968 peregre
641 896 691 948 est
704 885 835 948 animus
849 886 920 948 sine
933 905 1061 968 corpore
1075 884 1196 949 veloxr

217 986 302 1046 Cum
318 997 353 1048 tu
369 987 451 1048 inter
465 985 607 1049 scabiem
622 995 749 1049 tantam
762 997 794 1049 et
808 987 960 1068 contagia
976 985 1064 1065 lucri,
1350 1026 1351 1115 ,

219 1085 270 1146 Nil
287 1105 424 1166 parvum
439 1085 546 1168 sapias
561 1096 593 1148 et
607 1084 716 1148 adhuc
731 1086 883 1148 sublimia
897 1105 1008 1149 cures:
1196 1087 1240 1150 15
1350 1126 1351 1169 t

219 1188 315 1253 Quae
331 1205 418 1247 mare
433 1195 640 1266 compescant
653 1204 782 1265 causae,
796 1185 876 1266 quid
892 1195 1044 1268 temperet
1057 1205 1194 1267 annum,

218 1283 337 1346 Stellae
352 1295 464 1366 sponte
479 1304 540 1346 sua
549 1285 703 1367 jussaene
718 1295 878 1367 vagentur
892 1295 925 1348 et
938 1295 1050 1366 errent,
1350 1308 1351 1391 p

217 1382 310 1454 Quid
325 1394 448 1465 premat
462 1384 636 1446 obscurum
651 1383 759 1464 lunae,
774 1385 854 1466 quid
868 1383 1005 1466 proferat
1018 1386 1135 1465 orbem,

218 1481 310 1551 Quid
326 1483 404 1544 velit
418 1494 450 1544 et
464 1483 563 1564 possit
577 1503 685 1547 rerum
699 1484 871 1547 eoncordia
884 1485 1014 1561 discors,

219 1581 441 1663 Empedocles
458 1602 500 1646 an
516 1583 706 1646 Stertinium
720 1582 832 1646 deliret
846 1585 1010 1647 acumen?
1193 1586 1237 1648 20

219 1680 339 1743 Verum
355 1700 412 1743 seu
428 1682 530 1762 pisces
545 1701 604 1744 seu
619 1701 749 1764 porrum
762 1692 795 1744 et
808 1701 906 1764 caepe
921 1683 1073 1761 trucidas,

219 1781 315 1844 Utere
331 1781 482 1861 Pompeio
497 1781 652 1863 Grospho,
667 1791 708 1860 et,
724 1782 752 1843 si
766 1781 847 1863 quid
860 1792 954 1864 petet,
969 1781 1052 1844 ultro

221 1879 334 1942 Deser:
358 1879 403 1940 nil
419 1879 587 1960 Grosphus
601 1879 665 1942 nisi
678 1899 794 1942 verum
808 1880 910 1943 orabit
922 1891 955 1943 et
968 1900 1121 1962 aequum.

220 1979 299 2041 vilis
315 1979 493 2042 amicorum
507 1988 556 2040 est
570 1998 710 2058 annone,
725 1980 818 2042 bonis
832 1980 888 2042 ubi
903 1979 983 2061 quid
997 1980 1095 2043 deest

220 2079 270 2143 Ne
285 2088 394 2142 temen
408 2078 544 2161 ignores,
559 2097 624 2161 quo
638 2079 679 2142 sit
692 2079 844 2143 Romana
857 2079 928 2143 loeo
941 2089 1008 2143 res:
1194 2081 1234 2146 25

220 2178 381 2241 Cantaber
394 2179 565 2261 Agrippae,
581 2178 701 2243 Claudi
715 2180 833 2242 virtute
847 2179 983 2243 Neronis

220 2277 393 2340 Armenius
408 2278 523 2341 cecidit
531 2299 541 2361 ;
558 2280 614 2363 jus
628 2279 865 2361 imperiumque
880 2280 1035 2342 Phraates

220 2376 368 2438 Caesaris
382 2378 505 2459 accepit
520 2379 657 2460 genibus
671 2378 794 2460 minor}
817 2397 916 2441 aurea
930 2377 1039 2461 fruges

221 2474 332 2539 ltaliae
346 2475 441 2557 pleno
455 2475 604 2540 defundit
619 2477 721 2560 Copia
734 2496 844 2540 cornu.

667 2776 787 2790 .—

560 3019 775 3081 EPISTOLA
801 3018 896 3078 XIlL

460 3216 517 3258 An
547 3217 728 3259 VINIUM
758 3218 991 3261 Asuunnu.

304 3390 348 3457 Ut
362 3391 617 3473 proficiscentem
631 3392 728 3457 docui
742 3404 773 3457 te
788 3414 883 3477 saepe
898 3394 1033 3480 dinque,

261 3492 408 3574 Augusto
422 3490 535 3555 reddes
551 3493 678 3575 signata
692 3494 869 3574 volumina,
884 3495 968 3575 Vini,

259 3589 448 3671 sirannus,
464 3591 491 3654 si
506 3590 610 3655 laetus
625 3592 692 3671 erit,
707 3593 735 3655 si
749 3592 890 3676 denique
902 3602 1032 3675 poscet:

261 3686 310 3750 Ne
325 3688 431 3752 studio
445 3691 543 3753 nostri
558 3711 678 3774 pecces,
695 3692 870 3774 odiumque
886 3692 1001 3755 libellis
