2742 4250
458 270 568 318 LIBER
592 270 617 320 1.
667 271 701 320 Ε.
727 271 776 322 VI.

20 442 29 499 5
140 429 266 493 Parcus
279 427 322 490 ob
335 425 462 489 heredis
475 446 590 490 curam
603 428 807 510 nimiumque
822 447 963 509 severus,

140 526 273 591 Assidet
286 527 420 590 insano:
441 535 549 609 potare
563 537 595 589 et
609 547 756 610 spargere
772 527 865 590 dores

140 626 310 708 Incipiam,
326 625 494 708 patiarque
509 624 561 688 vel
576 625 778 689 inconsultus
794 627 913 690 haberi.
1080 630 1117 693 15

140 725 237 796 Quid
252 745 317 788 non
331 725 467 788 ebrietas
481 724 654 805 designati
699 725 818 808 Operta
833 726 975 806 recludit,

139 827 225 908 Spes
234 825 327 909 jubet
339 843 412 886 esse
426 833 522 903 ratas,
537 824 580 887 nd
596 825 715 907 proelia
731 825 829 889 trudit
845 825 977 890 inertem
992 847 999 907 ;

10 946 19 989 t
139 924 295 989 Sollicitis
308 923 427 986 animis
441 942 526 986 onus
539 923 662 1002 eximit,
678 923 815 988 addocet
830 936 922 988 artes

139 1021 292 1088 Fecundi
304 1021 423 1085 calices
436 1040 536 1102 quem
550 1041 616 1086 non
631 1022 733 1086 fecere
747 1023 902 1087 disertum
914 1023 929 1086 l

140 1123 317 1186 Contracta
329 1140 429 1203 quem
443 1140 510 1184 uon
524 1121 559 1184 in
573 1133 761 1203 paupertate
776 1122 943 1188 solutum?
1078 1123 1119 1186 20

142 1222 235 1286 Haec
248 1240 309 1304 ego
322 1239 491 1304 procurare
504 1230 537 1284 et
551 1221 687 1285 idoneus
702 1222 839 1304 imperor
852 1235 884 1286 et
898 1243 963 1288 uon

139 1321 278 1401 Invitus,
292 1339 335 1384 ne
349 1329 441 1404 turpe
455 1320 545 1401 torel,
560 1341 602 1385 ue
616 1320 746 1384 sordida
760 1341 880 1405 mappa

139 1421 297 1503 Corruget
311 1439 415 1500 nares,
432 1439 476 1483 ne
489 1439 556 1484 non
570 1430 602 1483 et
616 1421 793 1485 cantharus
807 1432 840 1486 et
854 1422 934 1486 lanx

141 1519 303 1583 Ostendat
315 1519 372 1583 tibi
388 1531 427 1597 te,
442 1539 485 1582 ne
500 1518 583 1582 fidos
597 1520 679 1582 inter
693 1520 814 1584 amicos

139 1620 198 1699 Sit,
214 1619 272 1701 qui
285 1618 372 1682 dicta
387 1618 471 1682 foras
485 1618 637 1699 eliminet,
653 1629 690 1682 ut
703 1631 795 1684 coeat
809 1640 867 1703 par
1075 1623 1117 1686 25

139 1719 160 1783 J
162 1729 368 1801 ungaturque
383 1718 463 1800 pari.
506 1719 642 1783 Butram
656 1720 714 1784 tibi
728 1721 979 1803 Septiciumque,

139 1819 187 1881 Et
200 1818 264 1881 nisi
277 1837 379 1881 coena
392 1817 477 1900 prior
490 1818 655 1900 potiorque
669 1819 779 1901 puella
793 1820 952 1886 Sabinum

139 1917 280 1996 Detinet,
295 1935 481 1998 assumamj
505 1916 595 1980 locus
609 1928 658 1980 est
672 1928 704 1981 et
718 1917 865 2000 pluribus
880 1919 1009 1999 umbris,

138 2016 205 2081 Sed
220 2016 319 2079 nimis
332 2028 403 2078 arta
417 2027 568 2099 premunt
581 2015 686 2080 olidae
701 2018 851 2080 convivia
865 2037 989 2099 caprae.

138 2117 206 2197 Tu,
221 2126 341 2198 quotus
355 2136 426 2179 esse
441 2114 530 2196 velis,
545 2116 690 2198 rescribe,
705 2128 737 2180 et
752 2117 847 2182 rebus
862 2117 989 2183 omissis
1074 2119 1115 2184 30

141 2216 231 2279 Atria
245 2226 428 2279 servantem
443 2214 564 2297 postico
579 2215 655 2279 falle
669 2216 828 2282 clientem.

457 2777 672 2840 EPISTOLA
698 2776 755 2839 VI.

418 2974 476 3018 An
508 2976 789 3019 Numicium.

178 3150 233 3214 Nil
248 3148 399 3213 admirari
414 3172 510 3236 prope
525 3174 574 3217 res
590 3163 638 3215 est
654 3173 728 3233 una,
745 3154 886 3234 Numici,

134 3249 286 3331 Solaque,
302 3270 387 3332 quae
401 3253 502 3334 possit
516 3251 621 3316 facere
636 3264 668 3315 et
683 3274 811 3317 servare
827 3255 967 3320 beatum.

134 3348 234 3412 Hunc
250 3350 350 3414 solem
365 3361 398 3414 et
412 3352 521 3414 stellas
536 3363 567 3415 et
580 3352 769 3416 decedentia
783 3354 876 3417 certis

134 3449 300 3532 'l'empora
314 3452 494 3531 momentis,
511 3462 587 3515 sunt
602 3452 659 3534 qui
674 3451 843 3516 formidine
857 3452 950 3517 nulla

135 3547 256 3613 imbuti
270 3559 431 3631 spectent:
454 3550 533 3632 quid
547 3571 660 3615 censes
675 3572 812 3614 munera
828 3563 936 3634 terrae,
1091 3554 1110 3616 b

285 3790 318 3843 13
340 3751 378 3801 lt.
395 3753 522 3801 inermem.
620 3750 649 3799 Ε.
662 3752 695 3801 ri.
707 3752 731 3800 5.
748 3759 865 3813 spectant.
