2742 4250
498 268 610 318 maen
633 268 673 318 rr
724 269 758 318 n.
783 269 807 318 1.
1082 251 1153 324 ‘285

177 424 290 504 lrritat,
305 423 436 504 mulcet,
451 424 543 488 falsis
557 426 727 490 terroribus
742 426 862 509 implet,

177 526 220 589 Ut
233 544 360 606 magus,
375 534 408 587 et
421 524 518 588 modo
531 546 584 590 me
599 526 734 606 Thebis,
750 526 846 590 modo
860 527 950 608 pouit
964 527 1110 591 Athenis.

175 625 297 688 Verum
312 645 381 707 age,
396 625 503 705 ethis,
518 627 577 707 qui
591 645 627 688 se
642 626 752 690 lectori
766 625 893 689 credere
909 626 1045 708 malunt,

174 727 291 795 Quam
305 725 491 807 spectatoris
505 724 637 788 fastidia
650 724 731 789 serre
746 726 885 809 superbi,
1089 730 1152 794 215

174 825 299 888 Curam
312 823 410 888 redde
425 823 564 905 brevem,
580 825 609 888 si
622 846 746 888 munus
760 826 909 909 Apolline
925 826 1062 909 dignum

177 925 233 987 Vis
247 923 406 1006 complere
420 923 518 1003 libris,
533 934 566 987 et
579 925 710 988 vatibus
725 923 844 988 addere
857 925 965 989 calcar

175 1023 220 1087 Ut
234 1022 342 1086 studio
356 1023 475 1107 majore
490 1033 601 1105 petant
616 1023 774 1086 Helicona
788 1025 954 1087 virentem.

174 1123 282 1186 Multa
295 1123 430 1204 quidem
443 1123 536 1186 nobis
551 1121 691 1186 facimus
706 1123 794 1186 mala
809 1143 904 1208 saepe
919 1134 1084 1207 poetae,—

174 1222 219 1286 Ut
233 1221 343 1284 vineta
357 1231 484 1304 egomet
497 1221 634 1286 caedam
648 1243 842 1286 mea—eum
857 1224 914 1288 tibi
929 1223 1047 1287 librum
1090 1224 1154 1286 220

174 1321 318 1386 Sollicito
331 1320 450 1386 damus
466 1331 525 1385 aut
537 1320 641 1403 sesso,
663 1341 742 1385 eum
757 1322 924 1403 laedimur,
941 1342 1046 1387 uuum

175 1422 210 1484 Si
224 1420 299 1502 quis
313 1421 493 1484 amicorum
507 1430 557 1486 est
570 1441 671 1485 ausus
688 1422 916 1504 reprehendere
931 1441 1080 1504 versum3

175 1523 261 1584 Cum
276 1520 348 1585 loca
357 1523 427 1605 jam
440 1521 573 1584 recitata
589 1521 786 1585 revolvimus
801 1522 988 1604 irrevocati;

175 1623 262 1684 Cum
276 1621 502 1700 lamentamur,
518 1641 584 1684 nou
599 1641 751 1703 apparere
767 1622 893 1684 labores

176 1721 317 1800 Nostros,
333 1731 365 1782 et
379 1722 469 1784 tenui
483 1719 624 1784 deducta
638 1730 788 1802 poemata
803 1720 876 1796 filo;
985 1723 991 1735 '
1090 1722 1153 1786 225

176 1823 262 1883 Cum
277 1840 451 1902 speramus
466 1840 586 1884 eorem
601 1829 782 1898 venturam,
799 1829 844 1898 ut,
857 1819 954 1882 simul
970 1830 1067 1902 atque
1114 1840 1119 1848 ·

176 1920 330 1982 Carmina
344 1919 486 1982 rescieris
500 1939 560 1982 nos
575 1918 705 2001 fingere,
721 1916 912 1980 commodus
927 1918 1011 1981 ultro

176 2021 338 2098 Arcessas,
354 2028 386 2080 et
400 2037 491 2100 egere
506 2029 605 2098 vetes,
620 2028 652 2081 et
667 2017 803 2082 scribere
817 2036 924 2099 cogas.

175 2118 240 2183 Sed
256 2129 366 2181 tamen
380 2129 429 2181 est
442 2138 557 2201 operae
571 2117 710 2201 pretium
725 2136 924 2199 cognoscere,
940 2116 1053 2199 quales
1189 2154 1193 2161 ·

175 2218 332 2281 Aedituos
347 2218 466 2281 habeat
480 2218 556 2281 belli
571 2226 715 2301 spectata
730 2216 882 2301 domique
1089 2216 1154 2281 230

176 2318 293 2397 Virtus,
309 2316 442 2399 indigno
457 2336 523 2382 non
537 2316 769 2383 committenda
783 2327 903 2399 poetae.

176 2419 297 2481 Gratus
311 2416 498 2481 Alexandro
513 2417 581 2498 regi
589 2416 717 2497 ‚Magno
726 2414 794 2491 ,fuit
808 2416 861 2479 ille

176 2517 354 2597 Choerilus,
369 2516 500 2581 incultis
514 2516 572 2599 qui
586 2515 733 2581 versibus
748 2525 780 2579 et
794 2515 879 2578 male
894 2516 980 2579 natis

176 2616 300 2681 Retulit
315 2626 470 2699 acceptos,
486 2616 594 2699 regale
609 2616 779 2694 nomisma,
795 2615 971 2697 Philippos.

176 2715 250 2795 Sed,
266 2715 368 2778 veluti
383 2724 518 2779 tractata
531 2726 644 2779 notam
658 2715 831 2795 labemque
845 2714 1012 2777 remittunt
1089 2712 1153 2777 23⁶

176 2816 374 2894 Atramenta,
390 2814 454 2878 sere
469 2814 636 2896 scriptores
651 2814 795 2876 carmine
808 2810 901 2873 foedo

177 2913 354 2997 Splendida
368 2913 455 2977 sacta
469 2914 585 2976 linunt.
630 2913 722 2975 idem
737 2931 794 2973 rex
810 2910 871 2990 ille,
888 2930 1001 2992 poema
1089 2927 1099 3001 ’-

178 3014 247 3084 Qui
262 3025 330 3077 tam
344 3013 518 3076 ridiculum
533 3023 601 3074 tarn
615 3032 688 3074 care
703 3010 855 3093 prodigus
870 3010 956 3089 eruit,

178 3114 294 3176 Edicto
308 3113 420 3192 vetuit,
435 3132 477 3175 ne
491 3112 564 3193 quis
579 3132 614 3174 se
628 3122 752 3194 praeter
766 3109 915 3193 Apellem

178 3214 338 3295 Pingeret,
350 3222 407 3275 aut
423 3211 507 3273 alius
522 3210 666 3293 Lysippo
680 3209 811 3273 duceret
826 3230 901 3273 aera
1090 3210 1153 3273 24⁰

178 3313 283 3375 Fortis
298 3303 476 3374 Alexandri
491 3310 621 3372 vultum
636 3310 833 3372 simulantia.
878 3308 1006 3378 Quodsi

179 3411 196 3477 J
200 3411 344 3474 udicium
359 3410 475 3472 subtile
490 3408 639 3471 videndis
654 3410 777 3473 artibus
792 3407 873 3471 illud

180 3510 228 3576 Ad
244 3510 340 3574 libros
355 3520 387 3571 et
402 3508 541 3571 adhaec
555 3508 728 3571 Musarum
743 3507 829 3570 dona
843 3526 982 3586 vocares,

181 3610 334 3673 Boeotum
348 3610 382 3672 in
396 3627 504 3670 crasso
514 3608 637 3691 jurares
652 3606 725 3669 aere
740 3615 863 3667 natum.

182 3711 222 3797 ht
236 3728 340 3795 neque
356 3708 549 3772 dedecorant
563 3716 620 3769 tua
636 3705 675 3768 de
691 3703 725 3767 se
736 3702 861 3788 judicia
875 3714 972 3785 atque
1091 3701 1152 3765 245
