2742 4250
444 251 604 304 mnne
653 252 778 304 nxx.
1044 229 1115 308 277

453 539 667 602 EPISTOLA
696 538 766 602 XX

381 724 441 768 Au
471 725 662 768 LIBRUM
694 725 837 769 SUUM.

186 891 401 952 Vertumnum
414 888 612 970 Janumque,
628 888 716 969 liber,
732 900 874 972 spectare
889 889 1018 971 videris,

140 989 273 1052 Scilicet
289 997 324 1050 ut
338 996 460 1070 prostes
474 986 640 1074 Sosiorum
654 988 785 1070 pumice
799 987 953 1054 mundus.
1045 985 1049 994 ’

142 1086 252 1152 Odisti
265 1086 376 1149 claves
389 1096 422 1148 et
435 1095 528 1168 grata
542 1086 649 1168 sigilla
663 1085 799 1169 pudico:

143 1187 265 1250 Paucis
279 1185 405 1274 ostendi
419 1186 533 1268 gemis,
548 1196 580 1247 et
593 1187 782 1253 communia
797 1186 922 1270 laudas,

143 1287 219 1351 Non
235 1286 280 1348 ita
295 1285 445 1349 nutritus.
488 1285 591 1368 Fuge,
606 1305 672 1367 quo
686 1285 879 1350 descendere
895 1300 1002 1371 gestis.
1101 1289 1122 1352 5

145 1387 219 1450 Non
235 1385 294 1448 erit
308 1385 426 1447 emisso
440 1384 561 1447 reditus
576 1385 643 1448 tibi.
687 1385 780 1455 Quid
796 1387 893 1450 miser
906 1387 982 1470 egil

146 1485 239 1556 Quid
255 1483 368 1548 voluit
391 1483 488 1564 dices,
503 1483 560 1547 ubi
574 1483 650 1566 quis
665 1495 696 1546 te
712 1484 857 1569 laeserit;
880 1498 912 1549 et
928 1488 990 1550 scis

144 1586 183 1648 In
198 1585 294 1647 breve
310 1595 341 1648 te
355 1585 436 1666 cogi,
452 1604 529 1647 curn
543 1583 660 1667 plenus
675 1583 808 1667 languet
823 1598 955 1651 amator.

145 1682 274 1755 Quodsi
290 1703 355 1746 non
369 1682 443 1746 odio
457 1683 621 1766 peccantis
635 1682 752 1767 desipit
766 1705 880 1768 augur,

145 1783 251 1846 Carus
265 1783 327 1845 eris
341 1784 474 1863 Romae,
490 1782 592 1846 donec
608 1794 639 1846 te
654 1783 781 1847 deserat
794 1795 903 1866 aetas;
1084 1787 1123 1849 10

146 1882 372 1946 Contrectatus
387 1883 443 1946 ubi
458 1882 610 1947 manibus
624 1882 805 1946 sordescere
822 1883 913 1966 vulgi

145 1981 303 2065 Coeperis,
319 1994 377 2045 aut
391 1983 495 2045 tineas
510 2003 623 2066 pasces
639 1983 821 2046 taciturnus
836 1983 961 2061 inertes,

145 2083 213 2145 Aut
227 2079 332 2165 fugies
348 2083 477 2147 Uticam
491 2093 550 2147 aut
564 2083 695 2147 vinctus
709 2083 843 2147 mitteris
858 2081 1006 2147 Ilerdam.

144 2181 276 2246 Ridebit
290 2183 427 2245 monitor
441 2203 506 2245 non
521 2183 704 2265 exauditus,
721 2195 757 2247 ut
772 2184 834 2265 ille,

145 2280 216 2365 uni
231 2282 317 2344 male
332 2293 496 2365 parentem
513 2281 546 2345 in
561 2302 656 2366 rupes
671 2285 822 2367 protrusit
836 2284 975 2347 asellum
1086 2285 1122 2348 15

145 2383 271 2463 Iratus3
295 2382 370 2464 quis
384 2383 472 2446 enim
486 2382 627 2446 invitum
641 2404 768 2447 servare
784 2384 929 2448 laboretl

144 2482 216 2545 Hoc
231 2501 361 2564 quoque
376 2493 541 2563 temnet,
558 2494 594 2547 ut
608 2503 724 2565 pueros
738 2485 897 2548 elementa
912 2485 1079 2549 docentem

144 2582 292 2663 Occupet
305 2583 457 2645 extremis
473 2583 506 2646 in
522 2584 602 2646 vicis
617 2584 714 2646 balba
730 2594 888 2649 senectus.

144 2683 233 2745 Cum
247 2682 305 2745 tibi
320 2682 368 2745 sol
383 2682 510 2765 tepidus
525 2682 633 2765 plures
648 2683 828 2747 admoverit
842 2704 945 2763 aureS,

143 2783 200 2847 Me
214 2782 361 2846 libertino
375 2793 490 2846 natum
505 2794 593 2865 patre
608 2793 639 2846 et
654 2784 688 2846 in
704 2784 793 2846 tenui
808 2804 841 2845 re
1079 2782 1123 2847 20

145 2884 283 2968 Majores
297 2902 422 2965 pennas
437 2882 514 2946 nido
529 2883 713 2946 extendisse
729 2883 876 2964 loqueris,

144 2982 197 3063 Ut,
213 2993 375 3065 quantum
391 2983 499 3065 generi
514 2982 635 3064 demas,
650 2983 824 3046 virtutibus
839 2982 960 3047 addas:

145 3083 199 3146 Me
214 3082 325 3166 primis
340 3083 429 3147 urbis
445 3083 519 3146 belli
535 3084 697 3167 placuisse
713 3086 885 3169 domique;

145 3183 292 3266 Corporis
308 3183 427 3266 exigui,
443 3204 649 3267 praecanum‚
667 3186 788 3249 solibus
804 3196 925 3270 aptum,

145 3282 244 3346 irasci
258 3282 404 3363 celerem,
420 3293 531 3346 tamen
546 3295 583 3346 ut
597 3284 765 3366 placabilis
780 3306 894 3350 essem.
1080 3286 1120 3349 25

146 3383 241 3445 Forte
256 3402 368 3446 meum
383 3383 410 3445 si
425 3384 499 3465 quis
514 3394 544 3445 te
560 3386 796 3467 percontabitur
811 3406 940 3466 aevum,

145 3481 199 3544 Me
213 3491 329 3564 qnater
343 3482 489 3545 undenos
505 3484 585 3546 sciat
599 3484 783 3567 implevisse
800 3485 1002 3563 Decembres

146 3581 314 3665 Collegam
328 3582 490 3666 Lepidum
505 3603 570 3665 quo
584 3583 679 3646 duxit
694 3584 819 3647 Lollius
834 3605 930 3649 anno.

329 3751 356 3800 E.
369 3768 410 3801 xx.
423 3753 446 3800 5.
465 3754 594 3803 discedere.
668 3736 692 3801 7.Ι
709 3753 900 3812 quid-laeserit.
