2742 4250
412 247 565 302 CARMEN
590 253 814 302 snuounARu.

251 410 315 474 cui
328 429 384 492 per
399 408 566 472 ardentem
582 411 650 472 sine
665 408 779 472 fraude
794 409 926 494 Trojam

251 511 371 572 Castus
385 510 523 588 Aeneas,
537 510 658 590 patriae
673 519 841 591 superstes
855 569 866 586 ,

251 609 406 672 Liberum
420 608 561 669 munivit
575 608 641 688 iter,
657 607 792 670 daturus

338 707 436 772 Plura
449 707 585 770 relictis:

252 909 305 988 Dt,
321 908 435 990 probos
450 926 554 968 mores
568 905 664 968 docili
674 907 838 989 juventae,

253 1008 305 1087 Dr,
321 1006 479 1069 senectuti
493 1004 640 1088 placidae
654 1005 806 1087 quietem,

252 1106 412 1170 Romulae
427 1106 515 1188 genti
530 1105 605 1167 date
620 1124 752 1186 remque
768 1105 953 1187 prolemque

342 1206 383 1268 Et
398 1206 497 1268 decus
512 1225 616 1267 omne.

253 1406 416 1486 Quaeque
432 1422 490 1466 vos
504 1405 608 1466 bobus
622 1415 794 1466 veneratur
809 1403 891 1466 albis

255 1504 372 1566 Clarus
386 1503 550 1566 Anchisae
565 1503 762 1585 Venerisque
777 1503 921 1586 sanguis

256 1604 415 1686 Impetret‚
430 1602 570 1664 bellante
584 1603 677 1684 prior,
690 1605 852 1686 jacentem

339 1703 438 1765 Lenis
453 1702 487 1764 in
502 1703 637 1764 hostem.

257 1902 331 1965 Jam
346 1903 428 1963 mari
443 1912 589 1982 terraque
604 1920 723 1964 manus
738 1910 883 1984 potentes

258 2000 374 2063 Medus
388 2001 599 2082 Albanasque
614 2001 705 2062 timet
719 2020 865 2080 secures;

258 2101 331 2165 Jarn
346 2098 489 2183 Scythae
504 2119 656 2183 respousa
670 2109 793 2182 petunt,
809 2097 936 2180 superbi

340 2200 461 2282 Nuper,
477 2210 508 2261 et
523 2199 604 2262 Indi.

256 2399 331 2462 Jam
347 2397 428 2460 fides
443 2409 474 2460 et
488 2388 554 2480 pas
569 2408 601 2460 et
616 2399 720 2461 honos
734 2398 902 2480 pudorque

258 2498 387 2560 Priscus
402 2508 434 2560 et
448 2498 596 2579 neglecta
611 2497 711 2560 redire
726 2498 828 2560 virtus

258 2597 373 2677 Audet,
390 2608 585 2680 apparetque
600 2598 694 2659 beata
709 2598 803 2681 pleno

342 2699 444 2779 Copia
458 2717 567 2759 comu.

259 2914 374 2994 Augur
389 2923 420 2974 et
434 2911 578 2994 fulgente
593 2911 728 2975 decorus
744 2932 822 2975 arcu

259 3012 410 3074 Phoebus
425 3023 642 3093 acceptusque
656 3032 776 3074 novem
792 3010 954 3091 Camenis

258 3112 328 3181 Qui
344 3111 478 3174 salutari
493 3112 580 3173 levat
594 3122 660 3173 arte
676 3111 776 3173 fessos

345 3211 491 3293 Corporis
507 3221 604 3292 artus,

258 3426 294 3488 Si
309 3424 476 3487 Palatinas
493 3425 579 3487 videt
594 3445 719 3506 aequus
734 3445 832 3503 arces,

259 3525 407 3605 Remque
422 3526 606 3588 Romanam
620 3524 817 3605 Latiumque
832 3523 909 3585 felix

250 3740 288 3788 rt.
306 3743 436 3788 senectutis
511 3741 551 3787 49.
572 3741 807 3801 Quique—imperet.
851 3762 854 3767 ·
875 3738 913 3786 65.
934 3752 996 3786 aras.

1049 237 1120 309 167·
