2742 4250
239 231 314 300 308
565 246 616 296 on
640 246 738 296 nnrrr
762 247 925 298 remon.

239 406 289 484 Ut,
304 405 360 486 qui
374 403 525 466 conducti
540 395 666 486 plorant
680 405 715 467 in
730 403 850 484 funere,
866 404 980 468 dicunt

238 504 281 568 Et
295 504 419 568 faciunt
433 523 528 586 prope
543 503 635 586 plura
650 503 833 567 dolentibus
848 525 890 568 ex
905 506 1031 570 animo:
1048 506 1100 570 ,sic

239 603 365 666 Derisor
379 623 454 665 vero
468 603 543 685 plus
557 603 722 666 laudatore
739 614 893 668 movetur.

239 705 341 785 Reges
356 702 508 765 dicuntur
522 703 633 764 meltis
649 723 760 784 urgere
775 702 906 766 culullis

238 804 281 865 Et
296 814 440 884 torquere
455 822 550 881 mero,
565 822 665 884 quem
679 802 879 884 perspexisse
894 803 1047 883 laborant,
1191 803 1254 868 ltu

241 906 287 964 An
304 902 345 963 sit
359 901 502 964 amicitia
515 900 653 983 dignus:
676 902 703 962 si
718 901 862 964 carmina
876 901 1004 981 condes,

241 1002 416 1082 Nunquam
431 1011 461 1062 te
476 1000 592 1062 fallant
605 1000 708 1063 animi
722 1002 784 1064 sub
798 1002 896 1084 vulpe
911 1001 1054 1064 latentes.

237 1103 415 1171 Quinctilio
431 1102 458 1164 si
473 1101 552 1182 quid
566 1101 722 1180 recitares,
740 1102 876 1184 (lonigo,
893 1101 994 1185 sodes,

239 1203 315 1281 troc,
331 1203 446 1280 aiebat,
461 1211 493 1263 et
507 1202 578 1264 hoc.
622 1198 742 1263 Melius
757 1211 787 1264 te
802 1221 895 1283 posse
910 1222 1043 1284 negares

238 1305 292 1366 Bis
308 1316 419 1384 terque
434 1313 602 1383 expertum
618 1300 745 1381 frustra,
761 1300 865 1364 delere
875 1303 1019 1386 jubebat,
1189 1305 1254 1368 lto
1357 1323 1358 1326 ’

238 1404 281 1465 Et
296 1403 380 1464 male
396 1413 536 1464 tornatos
551 1401 661 1464 incudi
675 1401 806 1464 reddere
822 1421 942 1464 versus

236 1502 271 1564 Si
286 1500 455 1562 defendere
470 1500 633 1579 delictum,
649 1519 751 1581 quarn
766 1512 895 1581 vertere,
911 1501 1044 1583 malles3
1098 1551 1100 1556 .

237 1601 373 1664 Nullum
388 1599 472 1661 ultra
487 1600 622 1663 verbum
637 1611 695 1662 aut
709 1620 839 1682 operam
853 1601 1038 1664 insumebat
1053 1602 1194 1683 inanem,

237 1700 328 1768 Quin
344 1701 412 1761 sine
429 1699 520 1762 rivali
535 1710 630 1780 teque
644 1711 678 1761 et
691 1710 747 1762 tua
762 1700 849 1763 solus
865 1720 998 1762 amares.

240 1799 292 1859 Vir
307 1798 410 1860 bonus
426 1808 457 1859 ct
471 1798 612 1880 prudens
627 1818 741 1860 uersus
756 1798 964 1881 reprehendet
979 1801 1103 1880 inertes,
1188 1803 1251 1865 445
1357 1819 1358 1824 ’

237 1897 387 1979 Culpabit
402 1897 509 1976 duros
525 1898 696 1980 incomptis
712 1898 834 1961 adlinet
849 1909 956 1961 atrurn

236 1997 437 2059 'l'ransverso
451 1997 579 2059 calamo
593 1998 733 2079 signum,
749 1998 918 2060 ambitiosa
934 1997 1049 2061 recidet

236 2096 443 2177 Omamenta,
458 2114 574 2179 parum
588 2095 682 2160 claris
698 2097 803 2160 lucem
818 2095 894 2160 dare
908 2109 1007 2179 coget,

235 2198 358 2277 Arguet
371 2197 523 2278 ambigue
537 2196 670 2277 dictum,
685 2196 844 2260 mutanda
858 2198 989 2277 notabit,

235 2296 308 2357 Fiet
322 2296 536 2358 Aristarchus.
580 2296 653 2359 Non
669 2296 753 2359 dicet
766 2317 855 2361 :cur
867 2317 927 2379 ego
941 2298 1084 2360 amicum
1186 2300 1252 2364 loo

236 2394 409 2457 Offendam
424 2395 458 2457 in
473 2396 593 2478 nugis?
636 2396 709 2459 Hae
723 2416 830 2479 nugae
845 2397 928 2459 seria
943 2396 1062 2459 ducent

235 2496 273 2557 In
288 2494 376 2557 mala
390 2493 532 2558 derisum
547 2496 646 2558 semel
661 2507 897 2579 exceptumque
912 2496 1047 2560 sinistre.

235 2595 278 2658 Ut
292 2595 380 2657 mala
394 2615 492 2677 quern
507 2596 630 2659 scabies
644 2606 703 2659 aut
717 2598 847 2660 morbus
861 2597 967 2679 regius
982 2608 1082 2681 urget,

234 2696 301 2757 Aut
315 2694 476 2757 fanaticus
490 2714 574 2758 error
587 2706 619 2757 et
633 2694 791 2769 iracunda
806 2696 922 2777 Diana,
1034 2748 1035 2753 1

234 2793 400 2857 vesanum
414 2795 554 2877 tetigisse
569 2796 684 2857 timent
698 2795 892 2878 fugiuntque
907 2796 1043 2880 poetam,
1184 2802 1248 2863 455
1357 2802 1358 2881 ff

234 2892 303 2961 Qui
318 2894 468 2975 sapiunt:
490 2894 614 2975 agitant
630 2895 729 2976 pueri,
744 2895 931 2977 incautique
946 2905 1134 2977 sequuntur.

233 2992 304 3072 Hic,
320 2993 400 3055 dum
415 2993 562 3056 sublimis
576 3012 692 3055 versus
707 3004 849 3057 ructatur
863 3004 895 3056 et
909 3005 998 3075 errat,

233 3092 269 3155 Si
283 3092 384 3156 veluti
399 3092 530 3155 merulis
545 3095 689 3156 intentus
704 3092 823 3155 decidit
838 3112 958 3175 auceps

234 3193 272 3255 ln
287 3202 421 3274 puteum
437 3192 614 3271 formamve,
631 3192 712 3273 licet,
728 3194 917 3273 succurrite,
934 3194 1069 3276 longum

234 3292 369 3371 Clamet,
385 3292 415 3353 io
430 3290 537 3352 cives!
559 3310 625 3353 non
641 3292 681 3355 sit
696 3291 752 3373 qui
767 3293 874 3356 tollere
889 3305 987 3358 curet.
1184 3295 1249 3360 tur

232 3392 267 3454 Si
282 3400 371 3452 curet
385 3390 460 3471 quis
474 3408 568 3470 opem
581 3389 661 3453 ferre
676 3402 707 3453 et
722 3391 886 3456 demittere
900 3394 1021 3476 funem,
1250 3400 1252 3405 “

235 3490 302 3559 uui
318 3490 448 3569 scis,·an
463 3488 604 3571 prudens
618 3490 684 3553 huc
701 3511 734 3552 se
749 3492 917 3576 projecerit
934 3504 1031 3577 atque

316 3720 370 3767 441.
388 3718 502 3795 lennatos
522 3718 551 3768 de
564 3721 625 3783 conj.
632 3737 643 3778 ,·
661 3731 697 3771 ter
707 3731 785 3780 natos,
797 3721 825 3771 de
838 3725 899 3781 coni.
972 3724 1029 3773 44³.
1046 3724 1162 3773 sumebat.
