2742 4250
243 244 317 316 {tot
573 261 626 312 rur
649 261 748 312 curu
772 262 935 314 cosmos.

281 419 395 503 Speret
409 418 504 500 idem,
520 420 616 483 sudet
629 420 780 500 multum,
796 418 978 502 frustraque
994 421 1116 486 laboret
1208 455 1210 458 ·

282 522 397 586 Ausus
411 519 517 583 idem:
540 530 666 583 tantum
684 521 780 583 series
790 522 1008 604 junctumque
1023 522 1129 604 pollet,

282 621 434 684 Tantum
448 619 488 682 de
504 620 610 682 medio
625 621 764 702 sumptis
780 620 902 682 accedit
918 621 1057 684 honnus.

282 720 382 785 Silvis
397 719 527 783 deducti
542 731 680 783 caveant
696 741 748 782 me
760 721 869 805 judice
886 723 1003 800 Fauni,
1025 765 1029 772 ·

282 821 341 900 Ne,
357 821 447 882 velut
462 819 565 882 innati
582 820 682 882 triviis
698 839 736 882 ac
752 839 854 902 paene
870 819 1019 900 forenses
1201 823 1270 885 215

282 921 349 983 Aut
363 920 504 983 nimium
518 919 635 981 teneris
644 921 842 1002 juvenentur
858 921 1004 982 versibus
1020 940 1178 1002 ¹mquam,

281 1021 348 1082 Aut
363 1018 535 1082 immunda
549 1029 679 1101 crepent
695 1018 974 1101 ignominiosaque
990 1019 1086 1095 dicta.

280 1118 502 1182 Offenduntur
515 1119 613 1198 enim,
629 1119 749 1199 quibus
764 1129 814 1181 est
827 1139 933 1200 equus
948 1132 980 1182 et
995 1131 1129 1201 pateret
1145 1141 1212 1200 ros,

281 1220 358 1299 Neo,
374 1219 400 1281 si
417 1218 496 1300 quid
513 1217 596 1281 fricti
609 1219 721 1280 ciceris
736 1219 849 1301 probat
863 1220 1004 1290 etnucis
1019 1231 1150 1302 emptor,

280 1320 402 1401 Aequis
417 1319 582 1401 accipiunt
596 1317 724 1397 animis,
739 1318 903 1382 donantve
918 1305 1058 1408 corona„
1198 1320 1267 1384 250

280 1419 416 1501 Syllaba
431 1419 528 1500 longa
542 1418 632 1480 brevi
647 1420 791 1502 subjecta
805 1431 939 1482 vocatur
953 1421 1090 1501 iambus,

279 1517 342 1581 Pes
356 1518 459 1598 citus3
483 1517 571 1580 unde
588 1518 686 1580 etiam
704 1519 852 1582 trimetris
867 1539 1045 1582 accrescere
1056 1521 1152 1604 jussit

281 1616 410 1680 Nomen
426 1617 569 1696 iambeis‚
585 1637 661 1681 cum
676 1638 773 1681 senos
788 1618 932 1682 redderet
947 1605 1031 1682 ictus

278 1717 408 1781 Primus
423 1716 467 1779 ad
480 1726 663 1780 extremum
678 1718 793 1782 similis
808 1719 877 1782 sibi.
923 1719 995 1782 Non
1013 1720 1057 1782 ita
1072 1719 1204 1801 pridem,

281 1818 418 1882 Tardior
431 1828 468 1881 ut
482 1818 593 1900 paullo
609 1819 800 1900 graviorque
816 1819 939 1881 veniret
953 1818 996 1881 ad
1011 1839 1114 1897 aures,
1169 1882 1173 1890 ,
1195 1821 1261 1882 255

279 1918 445 2001 Spondoos
460 1918 592 1980 stabiles
607 1918 640 1979 in
651 1919 727 2000 jura
742 1928 874 1999 patema
888 1919 1007 2000 recepit

232 2055 235 2062 ·
279 2019 480 2083 Commodus
494 2028 526 2080 et
540 2017 674 2100 patiens,
691 2037 756 2080 uon
772 2028 808 2080 ut
823 2017 864 2080 dc
878 2017 954 2080 sede
969 2018 1112 2094 secunda

278 2120 414 2185 Cederet
426 2130 486 2182 aut
499 2129 616 2201 quarta
630 2117 798 2183 socialiter.
842 2120 905 2184 Hic
920 2131 952 2183 et
967 2120 1000 2183 in
1016 2121 1095 2183 Acci

279 2221 449 2285 Nobilibus
465 2220 613 2283 trimetris
628 2230 760 2301 apparet
774 2240 873 2300 rarus,
889 2230 921 2283 et
937 2220 1026 2285 Eum

278 2322 317 2383 lu
333 2340 465 2383 scenam
480 2320 596 2382 missos
610 2340 687 2382 cum
702 2339 822 2403 magno
835 2319 975 2402 pondere
990 2340 1113 2399 versus,
1193 2322 1256 2384 am
1357 2318 1358 2360 i

277 2422 346 2483 Aut
359 2440 474 2502 operae
488 2419 598 2481 celeris
614 2419 753 2481 nimium
768 2439 911 2500 curaque
926 2420 1071 2497 carentis,

277 2522 345 2584 Aut
360 2521 523 2603 ignoratae
540 2520 655 2601 premit
670 2520 747 2581 artis
762 2519 896 2581 crimine
912 2518 1005 2601 turpi.

278 2620 353 2683 Nou
367 2620 476 2702 quivis
491 2620 580 2682 videt
594 2618 809 2681 immodulata
824 2630 973 2700 poemata
984 2616 1094 2701 judex,

278 2720 323 2782 Et
337 2720 415 2783 data
428 2720 585 2783 Romanis
602 2720 697 2780 venia
712 2728 761 2779 est
777 2719 909 2800 indigna
925 2719 1034 2801 poetis

279 2819 443 2885 idcircone
457 2839 557 2901 vager
571 2820 775 2899 scribamque
790 2818 945 2881 licenter?
967 2838 1011 2880 au
1027 2837 1140 2881 omues
1193 2819 1253 2882 265

279 2920 411 2982 Visuros
425 2929 559 3001 peccata
573 2930 684 3001 putem
702 2938 783 2997 mea,
800 2929 890 2981 tutus
906 2929 937 2979 et
952 2918 1036 2980 iutra

277 3019 377 3103 Spem
391 3022 506 3082 veniae
521 3019 662 3081 cautus?
708 3018 816 3080 Vitavi
831 3018 971 3099 denique
986 3018 1126 3099 culpam,

279 3119 353 3183 Nou
368 3119 500 3182 laudem
515 3120 626 3181 merui.
673 3119 736 3181 Vos
753 3117 951 3199 exemplaria
962 3118 1090 3191 *Graeca

279 3219 445 3282 Nocturna
458 3228 584 3280 versate
600 3236 711 3295 manu,
729 3230 854 3279 versate
868 3216 994 3279 diurna.

279 3321 324 3385 At
338 3319 435 3381 vestri
449 3318 561 3400 proavi
576 3318 745 3380 Plautinos
760 3328 791 3379 et
808 3335 960 3379 numeros
975 3327 1007 3378 et
1193 3314 1253 3382 tm

280 3418 471 3485 Laudavere
486 3417 578 3496 saleS,
595 3416 735 3480 nimium
751 3417 907 3497 patienter
922 3426 1106 3496 utrumque,

279 3518 327 3585 No
342 3518 449 3581 dicam
463 3517 570 3598 stulte,
586 3517 693 3579 mirati
707 3540 714 3597 3
739 3517 765 3577 si
782 3515 876 3577 modo
892 3535 951 3598 ego
965 3525 997 3577 et
1012 3534 1069 3577 vos
1148 3592 1152 3598 Ι

564 3750 619 3799 265.
639 3760 663 3798 ut
676 3766 776 3804 omnes;
793 3760 818 3797 at
829 3764 922 3796 omnes.
