<?xml version="1.0" encoding="UTF-8"?>
<!DOCTYPE html PUBLIC "-//W3C//DTD XHTML 1.0 Transitional//EN"
    "http://www.w3.org/TR/xhtml1/DTD/xhtml1-transitional.dtd">
<html xmlns="http://www.w3.org/1999/xhtml" xml:lang="en" lang="en">
 <head>
  <title>
</title>
<meta http-equiv="Content-Type" content="text/html;charset=utf-8" />
  <meta name='ocr-system' content='tesseract 3.04.00' />
  <meta name='ocr-capabilities' content='ocr_page ocr_carea ocr_par ocr_line ocrx_word'/>
</head>
<body>
  <div class='ocr_page' id='page_1' title='image "./workshoracewith01lincgoog_0312.png"; bbox 0 0 2742 4250; ppageno 0'>
   <div class='ocr_carea' id='block_1_1' title="bbox 235 224 862 296">
    <p class='ocr_par' dir='ltr' id='par_1_1' title="bbox 235 224 862 296">
     <span class='ocr_line' id='line_1_1' title="bbox 235 224 862 296; baseline -0.005 -6"><span class='ocrx_word' id='word_1_1' title='bbox 235 224 304 296; x_wconf 76' lang='grc'>266</span> <span class='ocrx_word' id='word_1_2' title='bbox 606 237 862 290; x_wconf 68' lang='lat' dir='ltr'>mammon</span> 
     </span>
    </p>
   </div>
   <div class='ocr_carea' id='block_1_2' title="bbox 270 397 1356 2269">
    <p class='ocr_par' dir='ltr' id='par_1_2' title="bbox 272 397 1356 777">
     <span class='ocr_line' id='line_1_2' title="bbox 274 397 1356 483; baseline -0.004 -20"><span class='ocrx_word' id='word_1_3' title='bbox 274 400 391 463; x_wconf 87' lang='lat' dir='ltr'>Scurra</span> <span class='ocrx_word' id='word_1_4' title='bbox 406 416 520 479; x_wconf 89' lang='lat' dir='ltr'>vagus,</span> <span class='ocrx_word' id='word_1_5' title='bbox 536 415 601 460; x_wconf 93' lang='lat' dir='ltr'>non</span> <span class='ocrx_word' id='word_1_6' title='bbox 615 397 674 478; x_wconf 91' lang='lat' dir='ltr'>qui</span> <span class='ocrx_word' id='word_1_7' title='bbox 688 406 812 459; x_wconf 84' lang='lat' dir='ltr'>certum</span> <span class='ocrx_word' id='word_1_8' title='bbox 826 414 977 477; x_wconf 85' lang='lat' dir='ltr'>praesepe</span> <span class='ocrx_word' id='word_1_9' title='bbox 991 405 1125 483; x_wconf 83' lang='lat' dir='ltr'>teneret,</span> <span class='ocrx_word' id='word_1_10' title='bbox 1354 476 1356 479; x_wconf 16' lang='grc' dir='ltr'>Ι</span> 
     </span>
     <span class='ocr_line' id='line_1_3' title="bbox 275 482 1356 581; baseline -0.007 -19"><span class='ocrx_word' id='word_1_11' title='bbox 275 500 461 581; x_wconf 87' lang='lat' dir='ltr'>Impransus</span> <span class='ocrx_word' id='word_1_12' title='bbox 475 516 541 560; x_wconf 92' lang='lat' dir='ltr'>non</span> <span class='ocrx_word' id='word_1_13' title='bbox 555 497 613 578; x_wconf 92' lang='lat' dir='ltr'>qui</span> <span class='ocrx_word' id='word_1_14' title='bbox 627 496 734 560; x_wconf 87' lang='lat' dir='ltr'>civem</span> <span class='ocrx_word' id='word_1_15' title='bbox 747 495 947 578; x_wconf 81' lang='lat' dir='ltr'>dignosceret</span> <span class='ocrx_word' id='word_1_16' title='bbox 961 497 1061 574; x_wconf 88' lang='lat' dir='ltr'>hoste,</span> <span class='ocrx_word' id='word_1_17' title='bbox 1354 482 1356 581; x_wconf 77' lang='lat' dir='ltr'>l</span> 
     </span>
     <span class='ocr_line' id='line_1_4' title="bbox 272 586 1356 677; baseline -0.004 -18"><span class='ocrx_word' id='word_1_18' title='bbox 272 597 448 669; x_wconf 80' lang='lat' dir='ltr'>Quaelibet</span> <span class='ocrx_word' id='word_1_19' title='bbox 462 596 496 658; x_wconf 94' lang='lat' dir='ltr'>in</span> <span class='ocrx_word' id='word_1_20' title='bbox 511 596 660 677; x_wconf 85' lang='lat' dir='ltr'>quemvis</span> <span class='ocrx_word' id='word_1_21' title='bbox 674 595 842 677; x_wconf 88' lang='lat' dir='ltr'>opprobria</span> <span class='ocrx_word' id='word_1_22' title='bbox 856 594 978 677; x_wconf 88' lang='lat' dir='ltr'>fingere</span> <span class='ocrx_word' id='word_1_23' title='bbox 993 614 1120 674; x_wconf 85' lang='lat' dir='ltr'>saevus,</span> <span class='ocrx_word' id='word_1_24' title='bbox 1217 593 1260 656; x_wconf 81' lang='lat'>30</span> <span class='ocrx_word' id='word_1_25' title='bbox 1354 586 1356 593; x_wconf 74' lang='grc'><strong>’</strong></span> 
     </span>
     <span class='ocr_line' id='line_1_5' title="bbox 273 693 1090 777; baseline -0.005 -17"><span class='ocrx_word' id='word_1_26' title='bbox 273 696 433 761; x_wconf 86' lang='lat' dir='ltr'>Pernicies</span> <span class='ocrx_word' id='word_1_27' title='bbox 448 706 481 757; x_wconf 90' lang='lat' dir='ltr'>et</span> <span class='ocrx_word' id='word_1_28' title='bbox 495 704 668 777; x_wconf 71' lang='lat' dir='ltr'>tempestas</span> <span class='ocrx_word' id='word_1_29' title='bbox 682 695 939 776; x_wconf 86' lang='lat' dir='ltr'>barathrumque</span> <span class='ocrx_word' id='word_1_30' title='bbox 954 693 1090 774; x_wconf 80' lang='lat' dir='ltr'>macelli,</span> 
     </span>
    </p>

    <p class='ocr_par' dir='ltr' id='par_1_3' title="bbox 272 792 1051 876">
     <span class='ocr_line' id='line_1_6' title="bbox 272 792 1051 876; baseline -0.004 -19"><span class='ocrx_word' id='word_1_31' title='bbox 272 794 446 876; x_wconf 79' lang='lat' dir='ltr'>Quidquid</span> <span class='ocrx_word' id='word_1_32' title='bbox 459 793 649 876; x_wconf 82' lang='lat' dir='ltr'>quaesierat,</span> <span class='ocrx_word' id='word_1_33' title='bbox 665 794 770 855; x_wconf 89' lang='lat' dir='ltr'>ventri</span> <span class='ocrx_word' id='word_1_34' title='bbox 785 792 928 855; x_wconf 90' lang='lat' dir='ltr'>donabat</span> <span class='ocrx_word' id='word_1_35' title='bbox 942 813 1051 855; x_wconf 85' lang='lat' dir='ltr'>avaro.</span> 
     </span>
    </p>

    <p class='ocr_par' dir='ltr' id='par_1_4' title="bbox 272 891 1037 974">
     <span class='ocr_line' id='line_1_7' title="bbox 272 891 1037 974; baseline -0.004 -17"><span class='ocrx_word' id='word_1_36' title='bbox 272 895 343 974; x_wconf 86' lang='lat' dir='ltr'>Hie,</span> <span class='ocrx_word' id='word_1_37' title='bbox 360 893 416 957; x_wconf 91' lang='lat' dir='ltr'>ubi</span> <span class='ocrx_word' id='word_1_38' title='bbox 432 892 594 974; x_wconf 88' lang='lat' dir='ltr'>nequitiae</span> <span class='ocrx_word' id='word_1_39' title='bbox 609 891 791 954; x_wconf 83' lang='lat' dir='ltr'>fautoribus</span> <span class='ocrx_word' id='word_1_40' title='bbox 804 902 838 954; x_wconf 92' lang='lat' dir='ltr'>et</span> <span class='ocrx_word' id='word_1_41' title='bbox 852 891 975 954; x_wconf 88' lang='lat' dir='ltr'>timidis</span> <span class='ocrx_word' id='word_1_42' title='bbox 989 892 1037 954; x_wconf 91' lang='lat' dir='ltr'>nil</span> 
     </span>
    </p>

    <p class='ocr_par' dir='ltr' id='par_1_5' title="bbox 270 991 1355 1355">
     <span class='ocr_line' id='line_1_8' title="bbox 273 991 1122 1078; baseline 0 -22"><span class='ocrx_word' id='word_1_43' title='bbox 273 995 339 1056; x_wconf 83' lang='lat' dir='ltr'>Aut</span> <span class='ocrx_word' id='word_1_44' title='bbox 353 993 488 1078; x_wconf 90' lang='lat' dir='ltr'>paulum</span> <span class='ocrx_word' id='word_1_45' title='bbox 505 991 690 1072; x_wconf 80' lang='lat' dir='ltr'>abstulerat,</span> <span class='ocrx_word' id='word_1_46' title='bbox 705 993 834 1074; x_wconf 86' lang='lat' dir='ltr'>patinas</span> <span class='ocrx_word' id='word_1_47' title='bbox 849 993 1007 1059; x_wconf 84' lang='lat' dir='ltr'>coenabat</span> <span class='ocrx_word' id='word_1_48' title='bbox 1020 991 1122 1056; x_wconf 89' lang='lat' dir='ltr'>omasi</span> 
     </span>
     <span class='ocr_line' id='line_1_9' title="bbox 271 1087 1355 1174; baseline -0.002 -19"><span class='ocrx_word' id='word_1_49' title='bbox 271 1093 351 1156; x_wconf 80' lang='lat' dir='ltr'>&#39;Vilis</span> <span class='ocrx_word' id='word_1_50' title='bbox 366 1102 399 1154; x_wconf 90' lang='lat' dir='ltr'>et</span> <span class='ocrx_word' id='word_1_51' title='bbox 412 1091 561 1174; x_wconf 86' lang='lat' dir='ltr'>agninae,</span> <span class='ocrx_word' id='word_1_52' title='bbox 577 1091 678 1153; x_wconf 86' lang='lat' dir='ltr'>tribus</span> <span class='ocrx_word' id='word_1_53' title='bbox 694 1091 777 1154; x_wconf 88' lang='lat' dir='ltr'>ursis</span> <span class='ocrx_word' id='word_1_54' title='bbox 792 1090 881 1173; x_wconf 89' lang='lat' dir='ltr'>quod</span> <span class='ocrx_word' id='word_1_55' title='bbox 894 1091 973 1154; x_wconf 88' lang='lat' dir='ltr'>satis</span> <span class='ocrx_word' id='word_1_56' title='bbox 988 1101 1089 1171; x_wconf 89' lang='lat' dir='ltr'>esset;</span> <span class='ocrx_word' id='word_1_57' title='bbox 1211 1087 1256 1151; x_wconf 87' lang='lat'>35</span> <span class='ocrx_word' id='word_1_58' title='bbox 1354 1128 1355 1153; x_wconf 69' lang='lat'>3</span> 
     </span>
     <span class='ocr_line' id='line_1_10' title="bbox 270 1166 1355 1273; baseline -0.003 -19"><span class='ocrx_word' id='word_1_59' title='bbox 270 1193 400 1256; x_wconf 86' lang='lat' dir='ltr'>Scilicet</span> <span class='ocrx_word' id='word_1_60' title='bbox 415 1202 451 1255; x_wconf 94' lang='lat' dir='ltr'>ut</span> <span class='ocrx_word' id='word_1_61' title='bbox 466 1201 594 1254; x_wconf 87' lang='lat' dir='ltr'>ventres</span> <span class='ocrx_word' id='word_1_62' title='bbox 608 1189 722 1252; x_wconf 88' lang='lat' dir='ltr'>lamna</span> <span class='ocrx_word' id='word_1_63' title='bbox 735 1190 895 1254; x_wconf 89' lang='lat' dir='ltr'>candente</span> <span class='ocrx_word' id='word_1_64' title='bbox 910 1203 1064 1273; x_wconf 91' lang='lat' dir='ltr'>nepotum</span> <span class='ocrx_word' id='word_1_65' title='bbox 1354 1166 1355 1209; x_wconf 50' lang='lat' dir='ltr'>l</span> 
     </span>
     <span class='ocr_line' id='line_1_11' title="bbox 273 1289 1013 1355; baseline -0.004 0"><span class='ocrx_word' id='word_1_66' title='bbox 273 1293 399 1355; x_wconf 90' lang='lat' dir='ltr'>Diceret</span> <span class='ocrx_word' id='word_1_67' title='bbox 414 1289 553 1354; x_wconf 88' lang='lat' dir='ltr'>urendos</span> <span class='ocrx_word' id='word_1_68' title='bbox 567 1299 722 1354; x_wconf 89' lang='lat' dir='ltr'>corrector</span> <span class='ocrx_word' id='word_1_69' title='bbox 736 1290 875 1354; x_wconf 87' lang='lat' dir='ltr'>Bestius.</span> <span class='ocrx_word' id='word_1_70' title='bbox 919 1290 1013 1354; x_wconf 89' lang='lat' dir='ltr'>Idem</span> 
     </span>
    </p>

    <p class='ocr_par' dir='ltr' id='par_1_6' title="bbox 270 1389 1144 1474">
     <span class='ocr_line' id='line_1_12' title="bbox 270 1389 1144 1474; baseline -0.005 -19"><span class='ocrx_word' id='word_1_71' title='bbox 270 1391 443 1474; x_wconf 79' lang='lat' dir='ltr'>Quidquid</span> <span class='ocrx_word' id='word_1_72' title='bbox 458 1399 525 1453; x_wconf 89' lang='lat' dir='ltr'>erat</span> <span class='ocrx_word' id='word_1_73' title='bbox 539 1399 655 1454; x_wconf 88' lang='lat' dir='ltr'>nactus</span> <span class='ocrx_word' id='word_1_74' title='bbox 671 1389 809 1472; x_wconf 89' lang='lat' dir='ltr'>praedae</span> <span class='ocrx_word' id='word_1_75' title='bbox 824 1390 961 1474; x_wconf 87' lang='lat' dir='ltr'>majoris,</span> <span class='ocrx_word' id='word_1_76' title='bbox 978 1391 1033 1453; x_wconf 93' lang='lat' dir='ltr'>ubi</span> <span class='ocrx_word' id='word_1_77' title='bbox 1048 1409 1144 1452; x_wconf 90' lang='lat' dir='ltr'>omne</span> 
     </span>
    </p>

    <p class='ocr_par' dir='ltr' id='par_1_7' title="bbox 271 1488 1355 1672">
     <span class='ocr_line' id='line_1_13' title="bbox 271 1488 1355 1572; baseline -0.003 -18"><span class='ocrx_word' id='word_1_78' title='bbox 271 1493 415 1554; x_wconf 86' lang='lat' dir='ltr'>Verterat</span> <span class='ocrx_word' id='word_1_79' title='bbox 428 1491 463 1554; x_wconf 91' lang='lat' dir='ltr'>in</span> <span class='ocrx_word' id='word_1_80' title='bbox 478 1488 608 1554; x_wconf 88' lang='lat' dir='ltr'>fumum</span> <span class='ocrx_word' id='word_1_81' title='bbox 622 1500 654 1553; x_wconf 90' lang='lat' dir='ltr'>et</span> <span class='ocrx_word' id='word_1_82' title='bbox 668 1490 818 1572; x_wconf 76' lang='lat' dir='ltr'>cinerem,</span> <span class='ocrx_word' id='word_1_83' title='bbox 834 1491 910 1556; x_wconf 89' lang='lat' dir='ltr'>Non</span> <span class='ocrx_word' id='word_1_84' title='bbox 923 1489 1054 1554; x_wconf 91' lang='lat' dir='ltr'>hercule</span> <span class='ocrx_word' id='word_1_85' title='bbox 1069 1491 1174 1569; x_wconf 90' lang='lat' dir='ltr'>miror,</span> <span class='ocrx_word' id='word_1_86' title='bbox 1354 1488 1355 1497; x_wconf 76' lang='grc'>’</span> 
     </span>
     <span class='ocr_line' id='line_1_14' title="bbox 275 1587 1249 1672; baseline -0.004 -20"><span class='ocrx_word' id='word_1_87' title='bbox 275 1591 393 1670; x_wconf 88' lang='lat' dir='ltr'>Aiebat,</span> <span class='ocrx_word' id='word_1_88' title='bbox 409 1590 437 1652; x_wconf 91' lang='lat' dir='ltr'>si</span> <span class='ocrx_word' id='word_1_89' title='bbox 451 1589 508 1672; x_wconf 87' lang='lat' dir='ltr'>qui</span> <span class='ocrx_word' id='word_1_90' title='bbox 522 1588 697 1654; x_wconf 90' lang='lat' dir='ltr'>comedunt</span> <span class='ocrx_word' id='word_1_91' title='bbox 710 1590 804 1670; x_wconf 87' lang='lat' dir='ltr'>bona,</span> <span class='ocrx_word' id='word_1_92' title='bbox 819 1610 897 1653; x_wconf 91' lang='lat' dir='ltr'>cum</span> <span class='ocrx_word' id='word_1_93' title='bbox 912 1591 953 1652; x_wconf 92' lang='lat' dir='ltr'>sit</span> <span class='ocrx_word' id='word_1_94' title='bbox 966 1589 1062 1653; x_wconf 89' lang='lat' dir='ltr'>obeso</span> <span class='ocrx_word' id='word_1_95' title='bbox 1204 1587 1249 1650; x_wconf 69' lang='lat'>11⁰</span> 
     </span>
    </p>

    <p class='ocr_par' dir='ltr' id='par_1_8' title="bbox 270 1688 1068 1772">
     <span class='ocr_line' id='line_1_15' title="bbox 270 1688 1068 1772; baseline 0 -20"><span class='ocrx_word' id='word_1_96' title='bbox 270 1689 326 1753; x_wconf 90' lang='lat' dir='ltr'>Nil</span> <span class='ocrx_word' id='word_1_97' title='bbox 341 1688 457 1751; x_wconf 89' lang='lat' dir='ltr'>melius</span> <span class='ocrx_word' id='word_1_98' title='bbox 472 1688 574 1769; x_wconf 90' lang='lat' dir='ltr'>turdo,</span> <span class='ocrx_word' id='word_1_99' title='bbox 590 1688 637 1752; x_wconf 92' lang='lat' dir='ltr'>nil</span> <span class='ocrx_word' id='word_1_100' title='bbox 652 1689 754 1754; x_wconf 85' lang='lat' dir='ltr'>vulva</span> <span class='ocrx_word' id='word_1_101' title='bbox 767 1689 933 1772; x_wconf 87' lang='lat' dir='ltr'>pulchrius</span> <span class='ocrx_word' id='word_1_102' title='bbox 948 1689 1068 1772; x_wconf 89' lang='lat' dir='ltr'>ampla.</span> 
     </span>
    </p>

    <p class='ocr_par' dir='ltr' id='par_1_9' title="bbox 274 1786 1194 1872">
     <span class='ocr_line' id='line_1_16' title="bbox 274 1786 1194 1872; baseline -0.003 -20"><span class='ocrx_word' id='word_1_103' title='bbox 274 1787 435 1852; x_wconf 90' lang='lat' dir='ltr'>Nimirum</span> <span class='ocrx_word' id='word_1_104' title='bbox 449 1789 503 1851; x_wconf 91' lang='lat' dir='ltr'>hic</span> <span class='ocrx_word' id='word_1_105' title='bbox 518 1808 577 1870; x_wconf 88' lang='lat' dir='ltr'>ego</span> <span class='ocrx_word' id='word_1_106' title='bbox 593 1808 666 1852; x_wconf 93' lang='lat' dir='ltr'>sum</span> <span class='ocrx_word' id='word_1_107' title='bbox 678 1810 686 1870; x_wconf 89' lang='lat'>;</span> <span class='ocrx_word' id='word_1_108' title='bbox 709 1808 789 1852; x_wconf 90' lang='lat' dir='ltr'>nam</span> <span class='ocrx_word' id='word_1_109' title='bbox 804 1800 874 1854; x_wconf 86' lang='lat' dir='ltr'>tuta</span> <span class='ocrx_word' id='word_1_110' title='bbox 888 1801 920 1852; x_wconf 90' lang='lat' dir='ltr'>et</span> <span class='ocrx_word' id='word_1_111' title='bbox 934 1789 1071 1872; x_wconf 85' lang='lat' dir='ltr'>parvula</span> <span class='ocrx_word' id='word_1_112' title='bbox 1085 1786 1194 1863; x_wconf 85' lang='lat' dir='ltr'>laudo,</span> 
     </span>
    </p>

    <p class='ocr_par' dir='ltr' id='par_1_10' title="bbox 271 1887 1009 1970">
     <span class='ocr_line' id='line_1_17' title="bbox 271 1887 1009 1970; baseline 0.001 -20"><span class='ocrx_word' id='word_1_113' title='bbox 271 1888 357 1950; x_wconf 82' lang='lat' dir='ltr'>Cum</span> <span class='ocrx_word' id='word_1_114' title='bbox 372 1907 422 1949; x_wconf 91' lang='lat' dir='ltr'>res</span> <span class='ocrx_word' id='word_1_115' title='bbox 437 1887 601 1968; x_wconf 86' lang='lat' dir='ltr'>deficiunt,</span> <span class='ocrx_word' id='word_1_116' title='bbox 618 1888 697 1950; x_wconf 84' lang='lat' dir='ltr'>satis</span> <span class='ocrx_word' id='word_1_117' title='bbox 712 1888 794 1952; x_wconf 91' lang='lat' dir='ltr'>inter</span> <span class='ocrx_word' id='word_1_118' title='bbox 808 1889 888 1952; x_wconf 85' lang='lat' dir='ltr'>vilia</span> <span class='ocrx_word' id='word_1_119' title='bbox 902 1889 1009 1970; x_wconf 85' lang='lat' dir='ltr'>fortis;</span> 
     </span>
    </p>

    <p class='ocr_par' dir='ltr' id='par_1_11' title="bbox 271 1984 1162 2070">
     <span class='ocr_line' id='line_1_18' title="bbox 271 1984 1162 2070; baseline 0 -22"><span class='ocrx_word' id='word_1_120' title='bbox 271 1986 391 2049; x_wconf 90' lang='lat' dir='ltr'>Verum</span> <span class='ocrx_word' id='word_1_121' title='bbox 406 1984 462 2048; x_wconf 91' lang='lat' dir='ltr'>ubi</span> <span class='ocrx_word' id='word_1_122' title='bbox 476 1985 555 2068; x_wconf 90' lang='lat' dir='ltr'>quid</span> <span class='ocrx_word' id='word_1_123' title='bbox 565 1986 688 2050; x_wconf 87' lang='lat' dir='ltr'>melius</span> <span class='ocrx_word' id='word_1_124' title='bbox 702 1987 859 2070; x_wconf 85' lang='lat' dir='ltr'>contingit</span> <span class='ocrx_word' id='word_1_125' title='bbox 872 1998 905 2050; x_wconf 90' lang='lat' dir='ltr'>et</span> <span class='ocrx_word' id='word_1_126' title='bbox 919 1989 1057 2066; x_wconf 85' lang='lat' dir='ltr'>unctius,</span> <span class='ocrx_word' id='word_1_127' title='bbox 1072 1986 1162 2049; x_wconf 92' lang='lat' dir='ltr'>idem</span> 
     </span>
    </p>

    <p class='ocr_par' dir='ltr' id='par_1_12' title="bbox 271 2064 1355 2269">
     <span class='ocr_line' id='line_1_19' title="bbox 271 2082 1244 2169; baseline -0.002 -22"><span class='ocrx_word' id='word_1_128' title='bbox 271 2085 335 2147; x_wconf 86' lang='lat' dir='ltr'>Vos</span> <span class='ocrx_word' id='word_1_129' title='bbox 350 2104 461 2167; x_wconf 87' lang='lat' dir='ltr'>sapere</span> <span class='ocrx_word' id='word_1_130' title='bbox 475 2094 507 2147; x_wconf 91' lang='lat' dir='ltr'>et</span> <span class='ocrx_word' id='word_1_131' title='bbox 521 2084 605 2148; x_wconf 88' lang='lat' dir='ltr'>solos</span> <span class='ocrx_word' id='word_1_132' title='bbox 620 2085 672 2149; x_wconf 86' lang='lat' dir='ltr'>aio</span> <span class='ocrx_word' id='word_1_133' title='bbox 686 2085 768 2150; x_wconf 91' lang='lat' dir='ltr'>bene</span> <span class='ocrx_word' id='word_1_134' title='bbox 783 2087 901 2169; x_wconf 85' lang='lat' dir='ltr'>vivere,</span> <span class='ocrx_word' id='word_1_135' title='bbox 916 2106 1056 2169; x_wconf 87' lang='lat' dir='ltr'>quorum</span> <span class='ocrx_word' id='word_1_136' title='bbox 1203 2082 1244 2145; x_wconf 80' lang='lat' dir='ltr'>to</span> 
     </span>
     <span class='ocr_line' id='line_1_20' title="bbox 272 2184 1013 2269; baseline 0.008 -26"><span class='ocrx_word' id='word_1_137' title='bbox 272 2184 475 2267; x_wconf 66' lang='lat' dir='ltr'>Conspicitur</span> <span class='ocrx_word' id='word_1_138' title='bbox 488 2184 598 2247; x_wconf 85' lang='lat' dir='ltr'>nitidis</span> <span class='ocrx_word' id='word_1_139' title='bbox 613 2184 750 2249; x_wconf 83' lang='lat' dir='ltr'>srmdata</span> <span class='ocrx_word' id='word_1_140' title='bbox 764 2186 904 2269; x_wconf 87' lang='lat' dir='ltr'>pecunia</span> <span class='ocrx_word' id='word_1_141' title='bbox 917 2186 1013 2250; x_wconf 86' lang='lat' dir='ltr'>villis.</span> 
     </span>
    </p>
   </div>
   <div class='ocr_carea' id='block_1_3' title="bbox 571 2744 907 2807">
    <p class='ocr_par' dir='ltr' id='par_1_13' title="bbox 571 2744 907 2807">
     <span class='ocr_line' id='line_1_21' title="bbox 571 2744 907 2807; baseline 0 -2"><span class='ocrx_word' id='word_1_142' title='bbox 571 2744 784 2807; x_wconf 76' lang='lat' dir='ltr'>EPISTOLA</span> <span class='ocrx_word' id='word_1_143' title='bbox 818 2745 907 2805; x_wconf 68' lang='lat' dir='ltr'>xvi</span> 
     </span>
    </p>
   </div>
   <div class='ocr_carea' id='block_1_4' title="bbox 536 2944 939 2989">
    <p class='ocr_par' dir='ltr' id='par_1_14' title="bbox 536 2944 939 2989">
     <span class='ocr_line' id='line_1_22' title="bbox 536 2944 939 2989; baseline 0.005 -4"><span class='ocrx_word' id='word_1_144' title='bbox 536 2945 594 2987; x_wconf 80' lang='lat' dir='ltr'>AD</span> <span class='ocrx_word' id='word_1_145' title='bbox 628 2944 939 2989; x_wconf 67' lang='lat' dir='ltr'>ammomum.</span> 
     </span>
    </p>
   </div>
   <div class='ocr_carea' id='block_1_5' title="bbox 276 3120 1355 3604">
    <p class='ocr_par' dir='ltr' id='par_1_15' title="bbox 276 3120 1355 3616">
     <span class='ocr_line' id='line_1_23' title="bbox 316 3120 1135 3205; baseline -0.002 -19"><span class='ocrx_word' id='word_1_146' title='bbox 316 3122 366 3186; x_wconf 82' lang='lat' dir='ltr'>Ne</span> <span class='ocrx_word' id='word_1_147' title='bbox 380 3122 581 3204; x_wconf 71' lang='lat' dir='ltr'>percontatio,</span> <span class='ocrx_word' id='word_1_148' title='bbox 597 3120 721 3185; x_wconf 87' lang='lat' dir='ltr'>fundus</span> <span class='ocrx_word' id='word_1_149' title='bbox 735 3141 837 3202; x_wconf 79' lang='lat' dir='ltr'>meua,</span> <span class='ocrx_word' id='word_1_150' title='bbox 852 3122 973 3205; x_wconf 87' lang='lat' dir='ltr'>optime</span> <span class='ocrx_word' id='word_1_151' title='bbox 988 3120 1135 3204; x_wconf 76' lang='lat' dir='ltr'>Quincd,</span> 
     </span>
     <span class='ocr_line' id='line_1_24' title="bbox 277 3220 1113 3303; baseline 0 -20"><span class='ocrx_word' id='word_1_152' title='bbox 277 3222 362 3283; x_wconf 83' lang='lat' dir='ltr'>Arvo</span> <span class='ocrx_word' id='word_1_153' title='bbox 375 3230 488 3302; x_wconf 87' lang='lat' dir='ltr'>pascat</span> <span class='ocrx_word' id='word_1_154' title='bbox 502 3220 625 3301; x_wconf 87' lang='lat' dir='ltr'>herum,</span> <span class='ocrx_word' id='word_1_155' title='bbox 640 3240 684 3284; x_wconf 89' lang='lat' dir='ltr'>an</span> <span class='ocrx_word' id='word_1_156' title='bbox 699 3221 808 3284; x_wconf 86' lang='lat' dir='ltr'>baecis</span> <span class='ocrx_word' id='word_1_157' title='bbox 822 3222 984 3303; x_wconf 85' lang='lat' dir='ltr'>opulentet</span> <span class='ocrx_word' id='word_1_158' title='bbox 998 3220 1113 3301; x_wconf 81' lang='lat' dir='ltr'>olivae,</span> 
     </span>
     <span class='ocr_line' id='line_1_25' title="bbox 279 3319 1068 3401; baseline 0 -18"><span class='ocrx_word' id='word_1_159' title='bbox 279 3319 435 3398; x_wconf 86' lang='lat' dir='ltr'>Pomisne,</span> <span class='ocrx_word' id='word_1_160' title='bbox 452 3338 496 3381; x_wconf 91' lang='lat' dir='ltr'>an</span> <span class='ocrx_word' id='word_1_161' title='bbox 509 3319 616 3401; x_wconf 89' lang='lat' dir='ltr'>pratis,</span> <span class='ocrx_word' id='word_1_162' title='bbox 633 3339 676 3382; x_wconf 91' lang='lat' dir='ltr'>an</span> <span class='ocrx_word' id='word_1_163' title='bbox 691 3320 811 3383; x_wconf 90' lang='lat' dir='ltr'>amicta</span> <span class='ocrx_word' id='word_1_164' title='bbox 825 3321 947 3385; x_wconf 85' lang='lat' dir='ltr'>vitibus</span> <span class='ocrx_word' id='word_1_165' title='bbox 961 3320 1068 3384; x_wconf 90' lang='lat' dir='ltr'>ulmo:</span> 
     </span>
     <span class='ocr_line' id='line_1_26' title="bbox 276 3389 1355 3504; baseline 0.003 -21"><span class='ocrx_word' id='word_1_166' title='bbox 276 3418 437 3483; x_wconf 85' lang='lat' dir='ltr'>Scribetur</span> <span class='ocrx_word' id='word_1_167' title='bbox 451 3418 508 3482; x_wconf 90' lang='lat' dir='ltr'>tibi</span> <span class='ocrx_word' id='word_1_168' title='bbox 522 3416 624 3482; x_wconf 84' lang='lat' dir='ltr'>forma</span> <span class='ocrx_word' id='word_1_169' title='bbox 639 3419 816 3501; x_wconf 89' lang='lat' dir='ltr'>loquaciter</span> <span class='ocrx_word' id='word_1_170' title='bbox 830 3431 862 3483; x_wconf 90' lang='lat' dir='ltr'>et</span> <span class='ocrx_word' id='word_1_171' title='bbox 876 3422 958 3483; x_wconf 90' lang='lat' dir='ltr'>situs</span> <span class='ocrx_word' id='word_1_172' title='bbox 972 3420 1050 3504; x_wconf 78' lang='lat' dir='ltr'>agrt</span> <span class='ocrx_word' id='word_1_173' title='bbox 1354 3389 1355 3454; x_wconf 71' lang='lat' dir='ltr'>l</span> 
     </span>
     <span class='ocr_line' id='line_1_27' title="bbox 277 3518 1247 3604; baseline -0.003 -23"><span class='ocrx_word' id='word_1_174' title='bbox 277 3518 430 3581; x_wconf 55' lang='lat' dir='ltr'>continui</span> <span class='ocrx_word' id='word_1_175' title='bbox 445 3528 578 3601; x_wconf 89' lang='lat' dir='ltr'>montes,</span> <span class='ocrx_word' id='word_1_176' title='bbox 593 3520 628 3582; x_wconf 91' lang='lat' dir='ltr'>ni</span> <span class='ocrx_word' id='word_1_177' title='bbox 642 3519 970 3604; x_wconf 71' lang='lat' dir='ltr'>dissocienturopaca</span> <span class='ocrx_word' id='word_1_178' title='bbox 1017 3580 1019 3583; x_wconf 78' lang='grc'>,</span> <span class='ocrx_word' id='word_1_179' title='bbox 1231 3520 1247 3578; x_wconf 87' lang='grc'>5</span> 
     </span>
    </p>
   </div>
   <div class='ocr_carea' id='block_1_6' title="bbox 539 3720 943 3781">
    <p class='ocr_par' dir='ltr' id='par_1_16' title="bbox 539 3720 943 3781">
     <span class='ocr_line' id='line_1_28' title="bbox 539 3720 943 3781; baseline 0 -12"><span class='ocrx_word' id='word_1_180' title='bbox 539 3720 580 3769; x_wconf 78' lang='grc'>35.</span> <span class='ocrx_word' id='word_1_181' title='bbox 598 3721 681 3781; x_wconf 77' lang='lat' dir='ltr'>agnini</span> <span class='ocrx_word' id='word_1_182' title='bbox 756 3722 797 3770; x_wconf 72' lang='lat'>37.</span> <span class='ocrx_word' id='word_1_183' title='bbox 814 3730 943 3769; x_wconf 80' lang='lat' dir='ltr'>correctns.</span> 
     </span>
    </p>
   </div>
   <div class='ocr_carea' id='block_1_7' title="bbox 0 0 1376 4250">
    <p class='ocr_par' dir='ltr' id='par_1_17' title="bbox 0 0 1376 4250">
     <span class='ocr_line' id='line_1_29' title="bbox 0 0 1376 4250; baseline 0 1"><span class='ocrx_word' id='word_1_184' title='bbox 0 0 1376 4250; x_wconf 95' lang='lat' dir='ltr'> </span> 
     </span>
    </p>
   </div>
  </div>
 </body>
</html>
