2742 4250
216 253 286 324 268
593 266 849 316 mommsen

215 426 360 492 Mordeat
374 423 548 508 opprobriis
562 422 662 503 falsis,
677 434 867 505 mutemque
880 422 1026 487 coloresi

213 527 332 592 Falsus
347 527 449 589 bonor
458 525 554 609 juvat
567 533 600 586 et
613 523 757 585 mendax
771 521 907 585 infamia
921 531 1016 586 terret

213 628 333 705 Quem,
347 624 410 688 nisi
423 621 618 685 mendosum
631 632 664 684 et
684 620 938 684 medicandum?
981 622 1038 685 Vir
1058 623 1167 685 bonus
1194 630 1247 686 est

338 723 437 806 quisi
1197 723 1245 786 40

213 824 283 894 Qui
298 823 447 886 consulta
461 831 598 904 patrum,
613 821 671 902 qui
686 821 774 903 leges
783 822 924 904 juraque
938 830 1063 902 servat;

214 925 292 994 Quo
307 922 430 985 multae
444 939 648 1002 magnaeque
663 929 815 982 secantur
823 920 935 1003 judice
949 920 1040 1001 lites3

213 1024 292 1093 Quo
306 1041 357 1085 res
371 1039 521 1102 sponsore
535 1028 568 1082 et
581 1037 647 1101 quo
660 1038 781 1082 musae
795 1028 876 1081 teste
890 1028 1050 1082 tenentur.

213 1119 278 1184 Sed
292 1120 382 1182 videt
396 1121 485 1182 hunc
498 1118 605 1181 omnis
619 1117 738 1180 domus
751 1127 785 1180 et
798 1117 920 1181 vicinia
932 1127 1002 1180 tota

214 1221 393 1284 introrsum
411 1229 546 1300 turpem,
562 1216 745 1300 speciosum
759 1217 843 1300 pelle
857 1217 981 1280 decora.
1196 1216 1242 1283 45

214 1320 283 1383 Nec
297 1319 421 1382 furtum
436 1316 497 1380 feci
511 1337 571 1380 uec
585 1315 664 1399 fugi,
679 1316 709 1378 si
721 1317 804 1379 mihi
818 1316 906 1380 dicat

214 1420 336 1481 Servus
346 1414 508 1480 2-Habes
522 1415 669 1497 pretium,
684 1415 760 1478 loris
773 1435 840 1478 non
854 1417 964 1495 ureris,
979 1415 1085 1478 aio.-

215 1516 289 1580 Non
303 1515 470 1577 hominem
483 1512 585 1576 occidi
597 1515 726 1595 3-Non
740 1534 854 1597 pasees
868 1516 903 1577 in
917 1535 1014 1578 cruce
1027 1533 1197 1578 corvos.-

215 1615 297 1678 Sum
311 1615 416 1677 bonus
430 1622 463 1675 et
477 1611 562 1694 srugi
572 1613 732 1694 ;—renuit
745 1614 933 1695 negitatque
948 1613 1119 1677 Sabellus:
1352 1664 1353 1701 p

216 1714 341 1776 Cautus
356 1712 443 1774 onim
458 1712 573 1775 metuit
587 1711 716 1775 soveem
729 1711 837 1794 lupus,
852 1713 1067 1795 accipiterque
1195 1712 1241 1776 50
1352 1706 1353 1749 ³

216 1814 389 1895 Suspectos
404 1811 547 1894 laqueos,
561 1822 594 1874 et
606 1821 755 1893 opertum
771 1812 894 1875 miluus
910 1831 1056 1875 nemum.

216 1911 364 1975 Oderunt
378 1931 510 1994 peccare
525 1911 602 1974 boni
616 1911 743 1974 virtutis
757 1931 885 1994 amore;

217 2012 274 2074 Tu
289 2012 371 2074 nihil
385 2010 536 2075 admittes
551 2010 585 2074 in
600 2020 631 2073 te
646 2009 815 2074 formidine
830 2029 970 2094 poenae:

217 2112 267 2176 Sit
282 2132 354 2195 spes
368 2110 511 2191 fallendi,
527 2111 676 2176 miscebis
692 2131 784 2174 sacra
798 2110 949 2194 profanis.
1353 2177 1354 2180 ,

217 2212 305 2276 Nam
319 2211 359 2273 de
373 2211 461 2274 mille
476 2210 570 2273 fabae
584 2210 702 2274 modiis
716 2231 793 2274 cum
808 2212 942 2293 surripis
957 2231 1070 2293 unum,
1197 2216 1240 2277 55
1353 2199 1354 2232 r

218 2312 387 2374 Damnum
402 2320 458 2390 est,
474 2329 539 2372 non
555 2310 691 2391 facinus,
706 2311 788 2373 mibi
803 2322 898 2393 pacto
912 2312 1018 2374 lenius
1033 2312 1104 2374 isto.

218 2410 274 2473 Vir
287 2410 400 2489 bonus,
416 2428 512 2471 omne
528 2407 634 2472 iorum
647 2429 749 2491 quem
762 2420 886 2492 spectat
899 2421 932 2473 et
946 2430 1042 2473 omne
1058 2412 1211 2493 tribunal,

218 2508 492 2591 Quandocunque
507 2508 584 2571 deos
598 2508 651 2571 vei
665 2527 761 2592 porco
775 2509 829 2573 vel
843 2511 926 2573 bove
940 2510 1057 2593 placat,

218 2609 299 2673 Jarre
314 2617 412 2690 pater,
430 2608 524 2687 clare,
538 2607 624 2670 clare
639 2626 717 2671 cum
731 2607 822 2688 dixit,
837 2609 963 2691 Apollo,

220 2704 325 2771 Labra
339 2716 447 2768 movet
460 2715 609 2769 metuens
623 2704 747 2770 audiri:
769 2707 913 2770 Pulchra
926 2708 1086 2787 beverna,
1198 2711 1239 2774 60

219 2806 273 2869 Da
287 2805 369 2867 mihi
383 2803 501 2885 fallere,
517 2803 560 2867 da
569 2806 658 2889 justo
673 2815 850 2887 sanctoque
864 2806 975 2888 videri,

219 2904 356 2967 Noctem
370 2905 510 2987 peccatis
524 2914 556 2967 et
570 2903 740 2967 fraudibus
754 2906 855 2990 objice
869 2908 1001 2970 nubem.

219 3003 289 3072 Qui
304 3002 415 3065 melior
429 3022 529 3083 servo,
545 3003 602 3085 qui
618 3003 744 3068 liberior
757 3004 799 3067 sit
813 3025 942 3085 avarus,

220 3104 259 3166 In
275 3102 374 3164 triviis
390 3101 496 3164 fixum
510 3122 588 3165 cum
603 3122 638 3164 se
652 3102 792 3166 demittit
804 3105 847 3167 ob
860 3124 976 3184 assem,

220 3199 294 3263 Non
309 3199 423 3262 video:
446 3220 533 3279 nam,
549 3201 606 3282 qui
620 3201 737 3284 cupiet,
753 3212 876 3266 metuet
889 3223 1039 3287 quoque;
1062 3224 1156 3287 porro
1197 3206 1237 3270 oti

206 3297 291 3367 ,nui
305 3309 453 3361 metuens
468 3299 563 3380 vivet,
579 3300 659 3362 liber
672 3301 755 3364 mihi
768 3321 835 3365 non
849 3303 909 3365 erit
923 3322 1083 3385 unquam.

221 3395 361 3459 Perdidit
376 3417 474 3479 arma,
490 3397 599 3462 locum
612 3398 741 3463 virtutis
756 3400 905 3483 deseruit,
921 3402 979 3484 qui

221 3493 353 3581 Semper
367 3496 401 3561 in
415 3496 566 3581 augenda
580 3498 711 3562 festinat
725 3508 759 3561 et
773 3500 919 3563 obruitur
931 3521 974 3563 re.

505 3726 545 3779 4⁰.
563 3737 588 3778 et
598 3726 756 3788 mendaeem
772 3727 954 3779 etmendrcnm.
