2742 4250
206 215 277 306 290
588 249 842 301 nursmnraun
864 231 867 235 ’

204 409 438 491 (laelatumqne
455 427 572 472 novem
586 407 692 472 Musis
706 409 808 492 opus!
853 407 994 492 Adspice
1009 409 1161 492 primurn,

204 512 340 580 Quanto
354 529 431 572 oum
440 508 542 590 tastu,
557 517 680 590 quanto
694 508 861 584 molimine
875 506 1011 573 circumss

204 611 393 691 Spectemus
408 627 550 672 vacuam
563 607 721 672 Romanis
735 609 865 671 vatibus
880 607 993 670 aedem
1005 629 1014 690 3

204 710 284 772 Mox
299 710 406 788 etiarn,
422 708 450 770 si
465 707 542 770 forte
557 727 665 787 vacas,
682 727 814 789 sequere
828 718 861 771 et
875 709 986 790 procul
1000 707 1087 787 audi,
1163 708 1227 771 '95

205 808 299 879 Quid
314 807 394 871 serat
407 817 440 870 et
453 827 553 889 quare
568 807 628 870 sibi
644 818 753 869 nectat
767 816 901 888 uterque
915 827 1074 888 coronam.

206 909 389 987 caedimur,
405 917 436 970 et
451 906 583 970 totidem
597 906 703 990 plagis
717 907 941 970 consumimus
956 909 1090 988 hostem,

118 1011 124 1022 '
208 1009 308 1072 Lento
323 1006 486 1071 Samnites
501 1005 544 1068 ad
557 1005 683 1085 lumina
699 1006 803 1088 prima
817 1005 935 1069 duello.

207 1105 347 1168 Discedo
362 1106 503 1169 Alcaeus
517 1115 637 1187 puncto
651 1105 759 1186 illius;
783 1105 837 1168 ille
851 1125 924 1168 meo
938 1106 1035 1188 quisl

207 1207 302 1286 Quis,
319 1205 381 1268 nisi
397 1205 644 1268 Callimachus?
687 1205 722 1268 Si
739 1204 812 1287 plus
827 1203 999 1288 adposcere
1013 1207 1114 1286 visus,
1167 1206 1229 1269 1011

210 1308 264 1370 Fit
279 1306 502 1384 Mimnermus,
518 1314 551 1367 et
564 1305 671 1386 optivo
686 1305 878 1387 cognomine
893 1307 1014 1368 crescit.

209 1405 315 1470 Multa
329 1404 404 1484 lero,
420 1414 456 1467 ut
470 1404 597 1486 placem
612 1423 715 1487 genus
730 1404 882 1467 irritabile
896 1416 1018 1484 vatum,

208 1507 294 1567 Cum
310 1505 421 1584 scribo,
436 1513 469 1566 et
484 1503 622 1585 supplex
637 1504 748 1586 populi
762 1503 916 1587 suffragia
930 1515 1042 1587 capt03

209 1604 307 1684 ldern,
324 1603 424 1668 finitis
438 1602 554 1667 studiis
568 1613 601 1666 et
614 1613 723 1666 mente
736 1615 873 1686 recepta,

196 1705 366 1768 ‘Obturem
380 1703 509 1786 patulas
524 1704 656 1786 impune
671 1703 854 1786 legentibus
868 1724 972 1767 aures.
1168 1708 1231 1770 105

209 1804 375 1886 Ridentur,
390 1803 479 1867 mala
493 1803 550 1886 qui
564 1814 762 1886 componunt
776 1805 940 1886 carmina3
963 1825 1077 1868 verum

210 1904 362 1968 Gaudent
376 1906 559 1986 scribentes,
574 1914 654 1968 etse
669 1915 872 1984 venerantur,
888 1915 920 1968 et
935 1906 1025 1986 ultro,

210 2007 245 2069 Si
261 2015 376 2086 taceas,
393 2004 538 2084 laudant,
553 2003 713 2087 quidquid
727 2005 888 2087 scripsere,
904 2005 999 2068 beati.

210 2107 261 2185 At,
277 2104 334 2188 qui
348 2103 530 2187 legitimum
544 2104 652 2187 cupiet
665 2102 780 2167 fecisse
795 2123 918 2187 poema,

210 2209 297 2269 Cum
312 2205 430 2267 tabulis
445 2205 592 2267 animum
606 2204 746 2267 censoris
761 2215 869 2267 sumet
882 2204 1008 2268 honesti
1021 2226 1030 2286 3
1170 2208 1233 2271 llll

211 2303 361 2383 Audebit,
376 2322 590 2385 quaecunque
605 2323 721 2386 parum
736 2303 913 2387 splendoris
928 2305 1103 2389 habebunt,

213 2405 257 2467 Et
271 2403 340 2465 sine
355 2402 494 2485 pondere
509 2413 611 2483 erunt,
627 2405 793 2466 ethonore
809 2403 946 2487 indigna
961 2402 1110 2483 ferentur,

212 2504 317 2566 Verba
330 2521 458 2565 movere
473 2502 551 2583 loco,
567 2502 719 2584 quamvis
734 2503 837 2565 invita
852 2503 1011 2584 recedant,

213 2602 257 2665 Et
271 2613 437 2665 versentur
450 2602 559 2665 adhuc
575 2603 659 2665 intra
673 2604 849 2685 penetralia
864 2604 990 2667 Vestae.
1180 2656 1185 2665 .
1247 2644 1251 2652 ·

214 2703 393 2766 obscurata
408 2700 464 2764 diu
479 2700 598 2784 populo
613 2702 719 2764 bonus
734 2713 832 2782 eruet,
848 2714 946 2785 atque
1172 2707 1232 2769 115

214 2800 353 2864 Proseret
367 2801 400 2863 in
415 2800 522 2863 lucem
538 2801 681 2881 speciosa
696 2802 857 2865 vocabula
871 2809 985 2883 rerum,

213 2902 312 2971 Quae
325 2900 437 2983 priscis
452 2910 628 2963 memorata
644 2900 822 2963 Catonibus
837 2912 935 2983 atque
950 2902 1104 2985 Cethegis

213 3001 310 3065 Nunc
325 3001 406 3063 situs
422 2999 566 3063 informis
581 3000 696 3083 premit
710 3010 742 3063 et
756 3000 882 3064 deserta
896 3011 1060 3065 vetustas:

213 3100 380 3162 Adsciscet
394 3118 488 3179 nova,
503 3118 588 3181 quae
604 3099 727 3182 genitor
740 3099 928 3182 produxerit
941 3119 1040 3182 usus3

216 3200 395 3262 Vehemens
409 3208 442 3260 et
456 3198 600 3279 liquidus
614 3219 760 3282 puroque
774 3200 959 3265 simillimus
973 3201 1071 3282 amni,
1174 3202 1231 3265 tuo

217 3297 345 3363 Fundet
359 3316 444 3379 opeS,
459 3297 656 3380 Latiumque
671 3300 779 3363 beabit
793 3300 893 3363 divite
907 3299 1038 3383 lingua,

217 3396 431 3463 lmxuriantia
445 3409 634 3479 compescet,
650 3398 747 3461 nimis
761 3419 875 3481 aspera
890 3420 970 3463 sano

217 3498 350 3561 levabit
364 3497 464 3579 cultu,
480 3498 597 3561 virtute
612 3499 755 3562 carentia
770 3499 878 3582 tollet3

218 3596 371 3661 Ludentis
387 3599 526 3680 speciem
540 3598 637 3680 dabit,
653 3610 685 3663 et
700 3600 906 3681 torquebitur,
922 3601 1031 3682 utqui

219 3696 311 3758 Nunc
327 3697 489 3779 Satyrum,
506 3717 593 3761 nnnc
609 3708 768 3781 agrestem
783 3699 926 3782 Cyclopa
942 3710 1098 3789 movetur.
1173 3701 1228 3763 lea
