2742 4250
464 267 573 318 LIBER
597 268 621 318 1.
672 267 706 318 E.
731 267 756 317 1.

139 429 235 495 Nunc
252 427 347 511 agilis
363 427 414 507 fio,
430 437 462 488 ct
476 445 596 490 mersor
609 425 760 490 civilibus
775 424 880 506 undis,

136 527 274 592 Virtutis
288 546 385 589 verae
399 535 509 588 custos
523 524 711 608 rigidusque
726 525 872 606 satelles;

136 627 235 692 Nunc
251 626 285 688 in
300 625 454 706 Aristippi
470 623 580 687 furtim
594 634 764 706 praecepta
778 624 909 705 relabor,

137 727 181 791 Et
195 725 281 789 mihi
294 745 353 806 reS,
369 743 435 788 non
450 743 503 786 me
518 724 613 786 rebus
629 725 823 808 subjungere
837 744 942 788 conor.

136 826 180 890 Ut
195 844 265 888 nox
279 823 385 905 longa,
401 823 521 904 quibus
535 822 691 884 mentitur
705 823 819 902 amica,
836 822 970 905 diesque
1074 823 1118 888 20

137 925 243 988 Lenta
258 922 386 986 videtur
399 941 481 1004 opus
496 921 706 1004 debentibus3
730 933 767 985 ut
780 923 870 1004 piger
883 942 992 986 annus

137 1023 285 1107 Pupillis,
300 1041 383 1103 quos
397 1020 480 1084 dura
495 1022 610 1103 premit
623 1021 772 1084 custodia
787 1032 949 1086 matrum:

138 1125 191 1188 Sic
206 1122 291 1186 mihi
305 1121 397 1192 tarda
411 1119 520 1184 fluunt
536 1121 727 1203 ingrataque
742 1131 895 1204 tempora,
912 1142 998 1204 quae
1013 1141 1104 1204 spem

138 1222 386 1303 Consiliumque
401 1213 569 1283 morantur
583 1221 702 1302 agendi
717 1221 865 1302 gnaviter
878 1221 920 1303 id,
935 1221 1023 1304 quod

138 1323 253 1404 Aeque
268 1321 464 1404 pauperibus
478 1319 613 1402 prodest,
629 1320 844 1403 locupletibus
859 1341 969 1403 aeque,
1076 1322 1118 1384 25

137 1422 253 1503 Aeque
268 1419 452 1502 neglectum
467 1420 574 1501 pueris
589 1419 786 1502 senibusque
800 1421 935 1484 nocebit.
1124 1437 1127 1444 ·

138 1522 262 1600 Restat,
278 1519 380 1582 uthis
395 1538 454 1600 ego
469 1539 521 1581 me
538 1519 605 1601 ipse
621 1539 731 1601 regam
746 1521 893 1602 solerque
907 1522 1083 1584 elementis.

140 1620 214 1684 Non
230 1619 334 1702 possis
348 1618 442 1681 oculo
456 1628 618 1700 quantum
633 1619 824 1683 contendere
840 1622 1011 1704 Lynceus3
1057 1685 1061 1692 ,

140 1721 216 1785 Non
230 1729 341 1800 tamen
356 1716 475 1780 idcirco
488 1728 678 1780 contemnas
694 1719 801 1803 lippus
816 1721 949 1804 inungi;

139 1819 218 1898 Nec,
234 1816 314 1899 quia
327 1815 476 1898 desperes
491 1816 603 1880 invicti
617 1819 763 1881 membra
777 1819 941 1901 Glyconis,
1077 1818 1119 1884 30

139 1917 273 1983 Nodose
285 1917 402 1997 ¹<corpus
417 1914 501 1978 nolis
517 1916 683 1998 prohibere
699 1917 865 2000 cheragra.

140 2017 203 2081 Est
216 2013 362 2098 quadam
376 2013 500 2096 prodire
516 2025 620 2096 tenus,
632 2015 660 2079 si
674 2035 741 2078 non
755 2015 853 2080 datm
866 2017 958 2080 ultra

141 2111 262 2184 Fervet
276 2115 412 2179 avaritia
426 2115 606 2199 miseroque
620 2117 773 2201 cupidine
787 2128 918 2200 pectus:

141 2220 228 2284 Sunt
242 2216 341 2279 verba
355 2225 388 2279 et
402 2234 505 2296 voces,
520 2216 640 2298 quibus
654 2218 745 2282 huno
760 2217 859 2282 lenire
874 2218 1015 2282 dolorem

141 2316 261 2397 Possis,
276 2326 310 2379 et
322 2334 479 2398 magnam
493 2316 595 2379 morbi
609 2316 769 2399 deponere
782 2329 916 2401 partem.
1078 2320 1120 2383 35

140 2416 267 2483 biudis
282 2434 390 2479 amore
404 2424 532 2479 tumes:
557 2427 634 2479 simt
647 2426 735 2479 certa
750 2418 889 2507 piacula,
905 2439 989 2502 quae
1006 2429 1037 2482 te

142 2518 210 2582 Ter
224 2536 304 2599 pure
319 2514 402 2577 lecto
416 2524 565 2597 poterunt
579 2536 720 2580 recreare
735 2516 851 2581 libello.

142 2615 291 2695 Invidus,
307 2610 493 2696 iracundus,
509 2615 602 2697 iners,
618 2616 761 2699 vinosus,
777 2628 911 2698 amator,

144 2716 248 2781 Nemo
263 2713 345 2777 adeo
359 2710 446 2777 ferus
460 2724 517 2795 est,-
532 2724 570 2779 ut
584 2734 650 2780 non
664 2718 830 2781 mitescere
844 2718 952 2801 possit,

144 2815 179 2881 Si
193 2813 291 2879 modo
305 2812 453 2877 culturae
467 2814 643 2896 patientem
657 2817 840 2881 commodet
854 2836 976 2881 aurem.
1080 2815 1124 2880 40

144 2915 255 2979 Virtus
269 2922 319 2976 est
331 2912 449 2975 vitium
464 2913 583 2995 sugere,
598 2927 631 2978 et
645 2917 803 2999 sapientia
816 2916 921 2999 prima
1127 2913 1130 2918 ⁴

145 3012 291 3081 Stultitia
303 3012 455 3075 caruisse
500 3012 606 3095 Vides,
622 3035 709 3097 quae
722 3016 869 3080 maxima
883 3014 986 3079 credis

146 3115 229 3179 Esse
244 3110 342 3191 mala,
356 3110 516 3193 exiguum
529 3132 665 3177 censum
680 3126 870 3197 turpemque
884 3113 1057 3196 repulsam,

146 3217 284 3286 Quanto
298 3210 421 3274 devites
435 3212 538 3276 animi
552 3213 732 3296 capitisque
746 3215 871 3299 labore3

148 3316 289 3400 Impiger
302 3310 462 3379 extremos
477 3314 578 3377 curris
592 3324 749 3377 mercator
763 3314 805 3378 ad
820 3315 927 3395 Indos,
1083 3312 1123 3377 45

150 3416 209 3480 Per
223 3435 312 3479 mure
327 3416 514 3499 pauperiem
528 3413 665 3496 fugiens,
683 3433 739 3496 per
753 3433 844 3495 saxa,
859 3433 916 3496 per
929 3414 1041 3496 ignes:

150 3516 198 3583 ue
212 3534 308 3579 cures
323 3536 371 3596 ea,
386 3534 471 3597 quae
486 3515 583 3578 stulte
597 3514 723 3577 miraris
737 3523 769 3577 et
783 3523 883 3595 optas,

153 3616 284 3681 Discere
298 3624 330 3678 et
344 3615 456 3679 audire
471 3626 503 3678 et
518 3614 640 3677 meliori
654 3613 782 3677 credere
796 3632 862 3677 non
876 3612 951 3675 visi

153 3716 239 3787 Quis
263 3715 387 3779 circum
402 3735 502 3799 pagos
516 3727 548 3779 et
562 3716 685 3779 circum
699 3715 838 3797 compita
853 3731 996 3798 pugnax,
