2742 4250
664 275 862 341 osamsmt
940 298 947 335 t

398 451 475 520 xNeo
491 449 577 512 leves
592 469 723 512 somnos
737 449 831 512 timor
843 456 902 510 aut
914 445 1030 530 cupide
1064 458 1070 466 ·
1239 448 1281 509 15

490 550 645 616 Sordidus
659 547 775 612 aufert.

407 735 500 822 uuid
515 751 603 814 brevi
619 749 714 814 sortes
723 747 910 832 jaculamur
923 765 1005 810 aevo

407 851 537 915 Multa?
558 849 637 933 quid
652 859 751 912 terras
764 848 829 911 alio
842 847 985 911 calentes
1055 891 1057 894 <

316 961 320 968 ’
408 951 482 1016 Sole
498 950 689 1014 mutamus?
732 948 858 1013 Patriae
872 947 947 1030 quis
961 964 1054 1009 exsut

491 1051 533 1114 Se
548 1069 678 1133 quoque
692 1047 801 1132 sugit?
1032 1062 1035 1069 ·
1235 1043 1280 1106 2⁴¹

407 1249 542 1340 Scandit
556 1259 681 1312 aeratas
697 1248 812 1313 vitiosa
826 1266 928 1311 naves
968 1306 970 1310 .

409 1351 504 1430 Oura,
520 1349 580 1412 nee
595 1360 719 1413 turmas
732 1349 880 1430 equitum
894 1345 1053 1430 relinquit,

408 1448 621 1518 Ociorcervis
635 1459 667 1511 et
681 1459 798 1531 agente
813 1448 940 1512 nimbos
963 1506 967 1510 .

492 1548 589 1612 Ocior
602 1549 700 1612 Euro.

408 1749 530 1812 Laetus
545 1748 579 1810 in
594 1768 745 1832 praesens
759 1748 898 1828 animus,
910 1749 997 1832 quod
1013 1750 1096 1813 ultra
1111 1759 1168 1829 est,
1235 1751 1277 1813 25

408 1847 520 1911 Oderit
534 1867 655 1928 curare,
672 1858 704 1910 et
718 1868 829 1911 amara
844 1848 930 1911 lento

409 1948 583 2031 Temperet
597 1947 673 2012 risu.
716 1948 808 2013 Nihil
823 1957 872 2011 est
885 1950 927 2011 ab
942 1949 1030 2012 omni

492 2048 587 2112 Parte
602 2049 743 2120 beatum.

409 2248 551 2314 Abstulit
565 2248 691 2311 clarum
705 2248 769 2312 cita
784 2269 869 2313 mors
884 2248 1053 2330 Achillem,

409 2349 524 2431 Longa
538 2347 722 2412 Tithonum
736 2349 853 2412 minuit
868 2362 1025 2430 senectus,

408 2449 452 2513 Et
467 2448 548 2511 mihi
563 2447 678 2528 forsan,
695 2450 751 2513 tibi
765 2448 852 2533 quod
867 2451 998 2532 negarit,

492 2548 634 2631 Porrigat
649 2550 737 2613 hora.

409 2750 588 2833 'segreges
603 2762 735 2815 centum
750 2751 944 2835 Siculaeque
959 2751 1081 2815 circum

408 2850 563 2934 Mugiunt
576 2871 706 2933 vaccae,
722 2852 778 2915 tibi
795 2852 876 2915 tollit
891 2853 1056 2916 hinnitum

408 2952 494 3034 Apta
508 2951 672 3036 quadrigis
688 2972 780 3035 equa,
796 2961 827 3017 te
843 2952 891 3016 bis
905 2950 983 3016 Afro

492 3051 615 3116 Murice
631 3052 748 3115 tinctae

409 3249 559 3312 Vestrunt
574 3250 688 3314 lanae:
711 3252 791 3315 mihi
807 3273 909 3335 parva
922 3273 1005 3334 rura,
1020 3263 1053 3316 et

407 3348 563 3431 Spiritum
579 3350 695 3413 Graiae
709 3363 840 3416 tenuem
855 3354 1020 3416 Camenae

407 3449 510 3511 Parca
525 3467 589 3513 non
604 3450 746 3513 mendax
755 3451 857 3533 dedit,
873 3462 906 3517 et
920 3453 1102 3536 malignum

492 3550 645 3633 Spemere
660 3551 791 3635 vulgna
887 3616 891 3622 ,

483 3754 518 3802 19.
536 3754 631 3809 ontrial
648 3756 707 3814 quia
922 3754 961 3803 26.
981 3752 1054 3803 laeto.
