2742 4250
494 251 601 302 unns
628 251 676 300 1v.
729 254 758 302 c.
784 253 835 303 Π.
1105 233 1175 304 119

284 412 416 491 Romae,
430 409 583 492 principis
598 409 737 489 urbium,

326 510 490 594 Dignatur
504 508 628 572 soboles
643 509 727 572 inter
740 508 898 572 amabiles

284 609 405 674 Vatum
418 627 536 691 ponere
551 627 604 670 me
618 607 742 688 choros,
1138 607 1177 668 lo

324 708 370 773 Et
379 709 449 793 jam
464 705 561 770 dente
575 707 686 771 minus
700 706 847 770 mordeor
860 705 979 769 invido.

285 807 314 871 Ο
329 805 499 870 testudinis
515 825 633 869 aureae

183 905 186 910 ’
326 906 468 970 Dulcem
482 924 568 988 quae
583 905 760 987 strepitum,
777 905 868 986 Pieri,
884 915 1050 989 temperas

285 1006 315 1070 Ο
330 1006 429 1068 mutis
443 1023 573 1088 quoque
592 1005 735 1087 piscibus

327 1107 495 1169 Donatum
510 1105 617 1188 cycni,
634 1105 662 1167 si
676 1105 783 1184 libeat,
799 1123 925 1184 sonum,
1137 1101 1179 1165 20

285 1204 410 1268 Totum
424 1205 567 1267 muneris
582 1204 644 1267 hoc
660 1204 709 1266 tui
723 1213 780 1283 est,

328 1299 429 1373 Quod
442 1312 600 1366 monstror
613 1300 714 1385 digito
728 1301 1002 1384 praetereuntium

189 1451 192 1458 .
287 1402 454 1465 Romanae
469 1400 587 1466 fidicen
603 1400 713 1484 lyrae:

329 1499 429 1571 Quod
444 1500 528 1584 spiro
543 1511 575 1564 et
589 1501 710 1584 placeo,
727 1500 754 1563 si
768 1501 889 1584 placeo,
906 1510 1001 1563 tuum
1015 1509 1073 1562 est.

541 2076 721 2139 OARMEN
751 2074 809 2138 IV.

428 2276 486 2318 ΔΙ)
523 2276 691 2319 URBEM
729 2276 918 2319 ΒΟΜΔΜ.

332 2451 476 2523 Qualem
490 2452 674 2515 ministrum
688 2452 835 2517 fulminis
849 2452 969 2532 alitem,

333 2551 396 2615 Cui
410 2571 468 2615 rex
482 2551 617 2615 deorum
630 2572 767 2635 regnum
782 2552 817 2616 in
831 2572 909 2615 aves
924 2570 1028 2635 vagos

375 2651 532 2734 Permisit,
548 2662 700 2734 expertus
715 2650 845 2715 fidelem

417 2751 541 2835 Jupiter
556 2752 589 2815 in
605 2750 797 2835 Ganymede
813 2750 908 2833 flavo,

333 2951 422 3027 Olim
432 2924 587 3036 iuventas
602 2960 633 3015 et
648 2951 771 3035 patrius
787 2951 877 3033 vigor

333 3050 419 3115 Nido
433 3051 581 3115 laborum
594 3051 735 3135 propulit
749 3050 897 3130 inscium,

375 3148 537 3233 vernique
548 3152 617 3234 jam
631 3151 751 3214 nimbis
766 3150 894 3214 remotis

418 3248 569 3314 Insolitos
584 3249 721 3312 docuere
736 3250 827 3313 nisus

335 3449 430 3512 Venti
445 3460 626 3531 paventem,
642 3469 720 3513 mox
735 3450 770 3513 in
785 3450 884 3514 ovilia

335 3548 473 3611 Demisit
486 3548 613 3612 hostem
627 3548 758 3612 vividus
773 3549 921 3633 impetus,
1147 3548 1184 3611 10

546 3748 574 3799 C.
587 3752 619 3800 iv.
633 3752 655 3801 7.
673 3750 813 3809 Vemisqne.
