2742 4250
464 231 582 282 nmen·
599 231 624 283 1.
674 223 702 283 s;
728 233 782 284 m
1065 217 1134 288 lte

116 389 256 457 Naribus
270 389 389 452 borum
403 389 596 472 hominum
619 389 714 453 rideri
729 391 829 473 possit
843 410 889 470 e0,
905 390 993 473 quod
1093 389 1134 453 30

116 489 282 553 Rusticius
299 499 391 550 tonso
406 498 481 571 toga
495 487 618 570 defluit,
633 500 666 552 et
680 490 766 553 male
781 489 879 552 laxus

116 591 153 653 ln
167 589 251 672 pede
265 589 396 652 calceus
412 589 542 652 haeret:
564 598 598 650 at
613 600 662 651 est
676 590 790 669 bonus,
806 600 843 651 ut
857 589 969 652 melior
983 591 1033 652 vir

116 689 188 752 Non
203 689 292 751 alius
305 688 488 770 quisquam,
507 698 542 750 at
556 689 614 751 tibi
628 689 762 768 amicus,
775 699 809 750 at
823 689 992 770 ingenium
1007 689 1124 772 ingens

116 789 244 852 Inculto
259 788 339 850 latet
353 788 415 850 hoc
430 789 493 851 sub
506 808 644 870 corpore.
691 789 841 870 Denique
857 799 887 850 te
903 789 1010 871 ipsum

115 888 271 968 Concute,
288 906 370 949 num
384 907 452 968 qua
466 888 523 950 tibi
538 889 691 951 vitiorum
706 888 857 952 inseverit
871 886 949 950 olim
1096 887 1139 951 35

115 986 243 1050 Natura
257 996 316 1049 aut
330 986 429 1048 etiam
439 986 640 1050 consuetudo
654 987 761 1064 mala3
785 1006 928 1068 namque

114 1086 281 1168 Neglectis
297 1085 420 1148 urenda
434 1085 507 1149 filix
521 1086 701 1152 innascitur
715 1088 811 1169 agris.

114 1187 200 1250 Illuc
216 1196 466 1268 praevertemur,
481 1196 660 1250 amatorem
674 1187 763 1268 quod
778 1187 904 1250 amicae

114 1287 245 1368 'l'urpia
259 1285 426 1369 decipiunt
439 1305 577 1349 caecum
591 1287 679 1366 vitia,
695 1288 867 1350 autetiam
882 1288 951 1371 ipsa
967 1287 1049 1350 haec
1192 1371 1195 1377 .

114 1386 299 1466 Delectant,
314 1386 417 1448 veluti
431 1386 607 1450 Balbinum
622 1387 761 1470 polypus
776 1387 922 1470 Hagnae.
1098 1385 1140 1450 40

116 1484 243 1549 Vellem
258 1485 291 1547 in
308 1485 452 1548 amicitia
467 1486 513 1549 sic
528 1506 708 1549 erraremus
723 1498 755 1549 et
769 1487 823 1550 isti

116 1585 227 1649 Errori
241 1604 360 1647 nomen
376 1584 478 1648 virtus
493 1586 653 1668 posuisset
667 1586 852 1650 honestum

15 1708 16 1719 ¹
115 1686 162 1747 At
178 1694 268 1766 pater
282 1694 318 1746 ut
333 1685 433 1766 gnati,
449 1685 495 1748 sie
509 1705 569 1748 nos
584 1684 742 1748 debemus
757 1686 863 1765 amici,

114 1786 153 1848 Si
169 1782 256 1865 quod
271 1783 313 1846 sit
327 1785 454 1864 vitium,
471 1805 537 1847 non
551 1783 713 1848 fastidire:
737 1786 919 1848 strabonem

115 1883 269 1966 Appellat
283 1895 417 1965 paetum
430 1895 539 1966 pater:
562 1895 594 1947 et
611 1884 749 1967 pullum,
765 1885 850 1946 male
866 1903 986 1966 parvus
1098 1882 1140 1946 tt

116 1987 154 2049 Si
169 1985 224 2048 cui
239 1984 328 2047 filius
342 1995 399 2064 est,
416 1995 452 2047 ut
466 1985 633 2048 abortivus
647 1984 710 2049 fuit
724 1985 803 2049 olim

116 2085 301 2168 Sisyphus:
324 2085 413 2148 hunc
436 2104 552 2149 varum
575 2084 717 2149 distortis
731 2086 898 2149 cruribus:
921 2085 1015 2148 illuni

119 2185 265 2249 Balbutit
281 2204 434 2247 scaurum
457 2186 567 2267 pravis
580 2184 701 2249 fultum
716 2186 802 2249 male
818 2186 899 2249 talis.
913 2218 917 2227 ·

121 2284 254 2348 Parcius
268 2285 322 2346 hic
337 2284 438 2347 vivit:
461 2285 547 2367 frugi
561 2285 697 2348 dicatur.
741 2286 876 2368 Ineptus

118 2382 165 2447 Et
174 2384 347 2467 jactantior
361 2384 415 2445 bic
431 2384 540 2466 paullo
556 2385 631 2447 est?
653 2386 833 2449 concinnus
849 2386 961 2447 amicis
1099 2384 1141 2446 50

118 2485 268 2549 Postulat
283 2494 320 2548 ut
333 2483 492 2547 videatur.
535 2486 580 2547 At
594 2495 643 2547 est
657 2484 876 2565 truculentior,
893 2495 990 2566 atque
1137 2478 1144 2490 ’

118 2585 199 2647 Plus
214 2603 319 2665 aequo
335 2582 431 2646 liber:
454 2584 594 2665 simplex
609 2582 763 2665 fortisque
778 2584 954 2665 habeatur3

118 2684 252 2748 Caldior
265 2693 333 2746 est:
357 2702 447 2744 acres
462 2683 545 2745 inter
558 2693 754 2746 numeretur.
800 2683 929 2765 Opinor,

119 2784 211 2847 Haec
225 2803 277 2846 res
292 2792 324 2845 et
333 2782 451 2866 jungit,
461 2783 592 2865 junctos
607 2792 639 2844 et
654 2792 762 2845 servat
777 2784 908 2845 amicos.

118 2885 162 2947 At
175 2903 237 2946 nos
251 2883 386 2945 virtutes
401 2882 490 2963 ipsas
505 2882 696 2945 invertimus
711 2892 809 2964 atque
1097 2884 1140 2947 55

118 2984 293 3046 Sincernm
307 2980 459 3062 cupimus
473 3000 534 3043 vas
548 2981 736 3044 incrustare.
781 2981 904 3043 Probus
919 2980 994 3061 quis

118 3081 300 3145 Nobiscum
313 3080 404 3158 vivit,
418 3079 562 3142 multum
576 3079 737 3143 demissus
752 3081 868 3143 homo:
891 3079 936 3141 illi

118 3178 232 3243 Turdo
246 3197 426 3259 cognomen
446 3178 561 3261 pingui
576 3177 703 3242 damus
747 3180 810 3243 Hic
825 3179 909 3261 lugrt
923 3198 1036 3243 onmes

120 3277 261 3342 Insidias
275 3278 423 3359 nullique
437 3278 525 3340 malo
541 3278 627 3341 latus
641 3277 731 3341 obdit
746 3288 901 3360 apertum,

119 3379 206 3442 Oum
221 3397 325 3459 genus
340 3377 402 3439 hoc
416 3376 499 3439 inter
513 3378 599 3439 vitae
615 3388 766 3458 versetur,
783 3377 839 3440 ubi
854 3379 936 3440 acris
1099 3379 1140 3441 60

15 3491 16 3496 ’
120 3475 249 3541 luridia
264 3486 362 3557 atque
376 3476 489 3557 vigent
504 3475 561 3538 ubi
575 3476 729 3539 crimina:
753 3496 808 3558 pro
823 3476 905 3538 bene
921 3496 1001 3538 sano

122 3576 250 3641 Aenon
266 3576 406 3655 incauto,
421 3574 537 3637 fictum
552 3585 761 3656 astutumque
780 3595 946 3637 vocamus.

143 3744 185 3795 35.
202 3762 261 3795 num
273 3746 316 3794 tibi
328 3744 392 3806 quid.
408 3793 442 3845 10
464 3746 500 3795 tt.
518 3744 614 3807 Agnae.
682 3744 721 3793 57.
738 3748 840 3793 multum
853 3743 969 3793 demissus
981 3740 1053 3791 horno
1065 3742 1117 3793 nto:
