2742 4250
400 296 510 348 mun
535 297 589 347 m.
640 297 670 348 o.
695 295 832 346 xxvm.
1052 277 1121 350 tot

275 455 407 522 ‘l'ernrit
421 473 568 518 mannos.
609 453 683 538 Ego
698 454 753 518 eui
767 453 895 534 timebo,

357 554 517 619 Providus
532 573 666 637 auspex,

276 756 462 836 Antequam
478 763 600 815 stantes
615 762 737 835 repetat
749 750 889 836 paludes

278 855 434 917 lmbrium
448 851 561 916 divina
575 851 646 914 avis
661 852 899 931 imminentdm,

278 953 430 1016 Oscinem
445 971 579 1014 corvum
594 970 686 1035 prece
701 951 865 1014 suscitabo

360 1050 446 1116 Solis
460 1051 503 1114 ab
517 1061 597 1112 ortu.

277 1249 329 1312 Sis
344 1248 419 1311 lieet
433 1247 520 1328 felix,
536 1248 724 1330 ubicunque
739 1249 854 1329 mavis,

279 1348 322 1411 Et
335 1367 460 1412 memor
472 1347 580 1428 nostri,
597 1347 743 1428 Galatea,
758 1348 861 1429 vivas,

279 1448 394 1531 Teque
409 1467 469 1511 nee
484 1446 598 1511 laevus
614 1456 699 1510 vetet
714 1447 758 1510 ire
773 1448 866 1531 picus

361 1547 431 1610 Nec
445 1565 531 1628 vaga
544 1548 664 1610 cornix.

279 1745 343 1810 Sed
358 1744 458 1824 vides
473 1757 596 1827 quanto
612 1746 745 1829 trepidet
759 1747 903 1810 tumultu

279 1845 404 1908 Pronus
418 1843 527 1909 Orion.
570 1846 643 1929 Ego
657 1846 738 1929 quid
752 1848 793 1909 sit
807 1856 875 1908 ater

279 1943 420 2008 Hadriae
433 1945 510 2007 novi
525 1945 625 2026 sinus,
641 1945 766 2027 etquid
781 1945 876 2009 albus

363 2043 478 2106 Peceet
494 2045 610 2129 Iapyx.

280 2242 430 2307 Hostium
446 2264 561 2307 uxores
577 2246 733 2327 puerique
747 2264 859 2309 caecos

280 2346 428 2410 Sentiant
441 2356 548 2409 motus
563 2346 693 2409 orientis
707 2346 826 2425 Austri,
841 2355 874 2408 et

280 2445 435 2527 Aequoris
450 2444 532 2527 nigri
548 2443 720 2525 fremitum,
736 2455 767 2507 et
782 2455 953 2507 trementes

362 2543 499 2606 Verbere
514 2544 607 2625 ripas

278 2743 332 2806 Sic
347 2753 378 2806 et
394 2742 522 2823 Europe
537 2744 670 2805 niveum
685 2741 795 2805 doloso

280 2840 422 2904 Credidit
437 2850 529 2903 tauro
544 2840 638 2920 latus,
655 2850 686 2903 et
702 2850 879 2903 scatentem

281 2939 401 3002 Belluis
416 2948 552 3021 pontum
567 2939 754 3021 mediasque
769 2937 898 2999 fraudes

341 3112 344 3119 ²
365 3039 483 3101 Palluit
498 3039 617 3102 audax.

279 3221 391 3305 Nuper
406 3222 440 3284 in
455 3222 553 3303 pratis
569 3220 713 3283 studiosa
728 3220 844 3284 florum
858 3231 890 3283 et

279 3318 416 3383 Debitae
431 3321 594 3403 Nymphis
609 3320 717 3402 opifex
731 3340 874 3399 coronae,

279 3420 380 3484 Nocte
396 3420 551 3482 sublustri
564 3419 646 3482 nihil
662 3428 747 3481 astra
762 3432 884 3501 praeter

363 3519 452 3582 Vidit
467 3530 498 3581 et
513 3519 626 3581 undas,

180 3699 258 3753 ictu
272 3704 377 3763 timebo;
394 3703 656 3768 Egoquid-euspexl
716 3704 752 3751 15.
770 3713 844 3751 vetat.
897 3703 933 3750 17.
951 3702 1060 3763 trepidat

309 3784 348 3833 22.
366 3787 430 3832 nstri.
497 3785 539 3841 23,
550 3782 590 3833 24.
608 3785 732 3832 trementis
743 3783 846 3831 Verbera
858 3784 932 3841 ripae.

447 3844 463 3900 7
