2742 4250
628 279 829 329 onuunwu

392 435 476 497 Cum
492 453 571 517 pace
587 434 766 510 delabentis
782 436 959 500 Etruscum

432 535 471 598 In
486 554 582 612 mure,
599 555 686 599 nunc
703 534 826 618 lapides
840 535 957 600 adesos

350 733 535 816 stirpesque
549 744 657 816 reptas
672 745 704 797 et
718 754 817 817 pecus
831 746 864 797 et
877 734 990 798 domos

350 833 516 896 Volventis
531 853 606 912 una,
623 853 689 898 non
704 835 773 896 sine
789 822 948 897 rnontium

391 934 539 998 Clamore
554 933 745 1015 vicinaeque
759 933 871 1014 silvae,

434 1034 520 1096 Cum
535 1033 601 1106 iera
616 1033 755 1096 diluvies
769 1033 896 1114 quietos

350 1231 456 1294 irritat
469 1251 591 1296 amnee
626 1231 695 1306 gllle
709 1242 821 1314 potens
836 1233 889 1301 sui

349 1329 536 1412 Laetusque
552 1330 653 1412 deget,
669 1331 724 1393 oui
739 1331 814 1393 lieet
827 1331 861 1394 iu
876 1330 963 1394 diem

393 1429 533 1509 Dixisse,
548 1429 644 1494 vixi:
667 1449 739 1494 cras
753 1430 807 1494 vel
820 1441 893 1494 atra

336 1573 339 1580 .
435 1527 529 1591 Nube
543 1528 655 1611 polum
669 1530 765 1605 Pater
777 1541 944 1613 occupato,

350 1726 409 1789 Vel
425 1726 490 1788 sole
505 1747 602 1808 puro:
624 1747 690 1794 non
706 1729 962 1810 temeritatum,

349 1826 581 1908 Quodcunque
595 1838 676 1891 retro
691 1839 747 1908 est,
763 1828 887 1908 efficiet,
903 1849 1009 1910 neque

390 1925 546 2008 Diffinget
561 1926 782 2008 iniectumque
797 1927 916 2008 reddet,

432 2025 533 2093 Quod
546 2025 673 2108 fugiens
689 2027 789 2119 semei
804 2028 883 2090 hora
897 2028 996 2092 rexit.

349 2224 494 2286 Fortuna
509 2244 606 2289 saevo
620 2226 705 2289 laeta
720 2229 854 2311 negotio,
868 2240 902 2293 et

346 2322 480 2385 Ludum
495 2324 685 2389 insolentem
700 2326 810 2391 ludere
825 2330 982 2411 pertinax,

388 2423 605 2487 Trensmutat
618 2425 760 2490 incertos·
768 2427 912 2507 honores,

433 2522 463 2585 N
466 2542 530 2585 une
545 2524 634 2603 mihi,
650 2544 739 2590 nune
754 2525 812 2590 aiii
826 2527 975 2609 benigna.

345 2734 461 2799 Laudo
476 2748 681 2803 manentem:
705 2739 731 2801 si
747 2739 865 2803 eeleres
879 2742 986 2823 quatit

345 2836 483 2915 Pennas,
498 2836 625 2919 resigno
640 2857 725 2919 quae
739 2836 836 2919 dedit,
851 2849 883 2902 et
897 2860 975 2911 mee

385 2935 509 2998 Virtute
525 2956 577 2999 rne
592 2936 723 3001 involvo
737 2938 934 3021 probamque
952 2958 954 2961 ·

427 3034 619 3117 Pauperiern
634 3036 704 3103 sine
718 3036 791 3099 dote
806 3058 935 3119 quaero.
976 3099 978 3102 .

343 3246 416 3313 Nou
430 3257 479 3309 est
493 3266 612 3326 meum,
627 3248 655 3310 si
669 3249 795 3330 mugiet
810 3250 926 3315 Africis
986 3278 993 3289 ·

342 3345 451 3411 Malus
466 3345 619 3428 procellis,
636 3345 678 3408 ad
693 3347 826 3412 miseras
841 3370 961 3433 preces*

383 3445 557 3511 Decurrere
572 3456 604 3509 et
619 3446 702 3511 votis
716 3448 845 3529 pacisci,

424 3545 474 3609 Ne
489 3545 629 3630 Cypriae
643 3546 830 3634 Tyriaeque
845 3570 967 3616 meroes

643 3762 683 3813 oo.
701 3763 795 3821 syriae.
