2742 4250
258 257 330 333 2⁷6
639 273 893 323 mosomensi

299 433 416 496 Libera
429 449 641 514 pervacuum
656 431 750 513 posui
765 430 900 513 vestigia
915 431 1071 513 princeps,

299 531 373 594 Non
387 531 495 594 aliena
508 550 580 593 meo
595 531 695 614 pressi
710 531 798 613 pede.
842 531 912 600 Qui
928 531 988 592 sibi
1004 530 1082 610 fidit,
1362 609 1363 614 ἵ

299 632 379 693 Dux
393 631 474 713 regit
487 651 636 693 examen.
680 632 791 694 Parios
806 651 865 713 ego
880 632 1003 713 primus
1018 631 1142 694 iambos

298 730 433 793 Ostendi
448 730 550 809 Latio,
566 751 717 793 numeros
732 731 924 811 animosque
940 740 1070 792 secutus

299 831 491 908 Archilochi,
508 849 572 892 non
589 849 638 892 res
653 842 684 892 et
699 831 828 912 agentia
844 831 942 892 verba
957 831 1156 912 Lycamben.
1232 831 1275 894 25
1362 811 1363 904 5

299 933 346 992 Ac
361 951 402 992 ne
417 950 470 991 me
485 929 568 992 foliis
585 929 655 992 ideo
670 931 867 992 brevioribus
882 950 983 1009 ornes,

297 1029 398 1098 Quod
413 1029 507 1092 timui
524 1039 648 1092 mutare
662 1028 776 1091 modos
791 1039 823 1091 et
836 1030 989 1091 carminis
1005 1039 1123 1108 artem;

298 1129 474 1210 Temperat
488 1128 674 1191 Archilochi
689 1129 823 1191 Musam
837 1129 918 1210 pede
934 1128 1085 1206 mascula,
1096 1129 1239 1210 Sappho,

297 1229 473 1310 Temperat
489 1229 637 1307 Alcaeus,
654 1228 711 1290 sed
726 1229 821 1291 rebus
836 1239 867 1291 et
882 1229 992 1291 ordine
1008 1227 1125 1310 dispar,

299 1328 366 1391 Nec
382 1347 528 1390 socerum
542 1329 676 1409 quaerit,
693 1347 791 1409 quern
806 1328 952 1390 versibus
967 1328 1088 1390 oblinat
1103 1329 1189 1407 atris,
1233 1327 1277 1390 30

272 1486 274 1489 ,
299 1428 367 1490 Nec
382 1448 518 1510 sponsae
534 1427 689 1508 laqueum
705 1427 828 1490 famoso
842 1428 984 1490 carmine
1001 1428 1105 1490 nectit.

299 1528 397 1589 Hunc
412 1547 480 1609 ego,
496 1546 561 1589 non
576 1526 640 1589 alio
654 1526 778 1590 dictum
793 1527 881 1609 prius
895 1546 956 1606 ore,
973 1527 1110 1590 Latinus
1362 1541 1363 1544 ’

299 1626 440 1710 Vulgari
456 1625 592 1708 fidicen3
612 1628 708 1711 juvat
723 1628 945 1689 immemorata
961 1625 1114 1689 serentem

299 1727 454 1808 Ingenuis
468 1726 635 1808 oculisque
652 1727 714 1808 legi
730 1727 946 1808 manibusque
962 1727 1069 1788 teneri.

299 1827 387 1890 Scire
402 1826 493 1906 velis,
509 1846 583 1889 mea
597 1847 655 1889 cur
669 1827 815 1908 ingratus
830 1826 988 1908 opuscula
1003 1827 1100 1889 lector
1234 1827 1278 1890 35

299 1925 426 1990 Laudet
440 1936 590 2007 ametque
605 1914 701 2004 domi,
718 1935 841 2008 premat
856 1935 948 1991 extra
963 1925 1061 1990 limen
1076 1926 1234 2006 iniquus?

195 2097 196 2100 Ἴ
300 2027 373 2089 Non
387 2046 448 2108 ego
462 2037 614 2088 ventosae
628 2026 731 2108 plebis
747 2026 901 2108 suffragia
915 2045 1015 2090 venor

298 2127 457 2209 lmpensis
471 2146 646 2189 coenarum
660 2136 692 2189 et
708 2113 799 2196 tritae
814 2144 947 2192 munere
963 2127 1062 2189 vestis
1074 2148 1082 2207 ;

299 2225 373 2289 Non
387 2245 456 2307 ego,
471 2226 629 2295 nobilium
644 2226 835 2308 scriptorum
849 2226 977 2289 auditor
990 2236 1023 2289 et
1038 2226 1131 2305 ultor,
1362 2268 1363 2289 t

299 2324 535 2387 Grammaticas
549 2325 671 2388 ambire
686 2325 789 2387 trihus
803 2335 836 2389 et
850 2326 975 2408 pulpita
989 2325 1110 2407 dignor.
1234 2326 1277 2388 40

299 2424 386 2487 Hinc
401 2423 474 2486 illae
490 2423 650 2486 lacrimae.
696 2425 815 2507 Spissis
830 2424 965 2509 indigna
979 2427 1112 2489 theatris

300 2523 425 2605 Scripta
439 2523 538 2606 pudet
553 2525 684 2587 recitare
700 2535 731 2587 et
746 2524 842 2606 nugis
858 2524 975 2588 addere
991 2525 1127 2607 pondus,
1210 2521 1211 2526 ’

300 2624 336 2685 Si
350 2621 437 2705 dixi3
461 2623 569 2703 Rides,
584 2624 638 2703 ait,
654 2634 686 2685 et
702 2623 791 2687 Jovis
807 2625 940 2687 auribus
956 2626 1018 2687 ista

299 2722 436 2804 Servas;
459 2722 534 2785 fidis
548 2723 644 2803 enim,
661 2743 793 2785 manare
808 2724 932 2805 poetica
947 2725 1044 2787 mella
1362 2784 1363 2799 ,

300 2822 352 2883 Te
367 2821 481 2901 solum,
497 2822 554 2885 tibi
568 2822 710 2905 pulcher.
756 2822 808 2885 Ad
823 2822 903 2885 haec
919 2843 978 2905 ego
992 2823 1125 2886 naribus
1140 2822 1200 2901 uti,
1233 2822 1274 2885 dd

234 2980 236 2983 .
293 2920 461 3010 ¹Formido,
477 2932 516 3001 et,
532 2921 686 2985 luctantis
702 2933 798 2985 acuto
813 2942 853 2985 ne
870 2942 957 2985 secer
972 2923 1083 3005 ungui,
1169 2980 1172 2987 .

302 3024 457 3108 Displicet
471 3022 531 3087 iste
546 3025 645 3105 locuS,
660 3025 775 3104 clamo,
792 3035 824 3087 ct
838 3023 963 3087 diludia
978 3043 1083 3106 posco.

302 3124 415 3187 Ludus
430 3126 517 3187 enim
532 3126 643 3206 genuit
658 3124 818 3206 trepidum
833 3134 996 3186 certamen
1012 3135 1043 3186 et
1058 3125 1147 3191 iram.

304 3224 353 3287 ltu
368 3237 473 3287 truces
488 3223 675 3287 inimicitias
690 3236 721 3286 et
737 3224 869 3287 funebre
884 3224 1016 3287 bellurn.

578 3422 607 3472 E.
619 3423 669 3473 xix.
681 3422 723 3481 22,
734 3424 773 3473 23.
792 3422 957 3488 fidet-reget.
