2742 4250
643 275 841 338 casulum

452 433 574 498 Tutela
589 434 732 497 Saturno
747 432 909 516 refulgens

496 533 624 617 Eripuit
639 533 846 617 volucrisque
861 534 937 598 Fan

290 747 292 751 ’
412 733 573 799 Tardavit
587 732 666 813 alae,
681 751 761 795 cum
774 731 912 815 populus
927 730 1079 814 frequens

412 834 553 900 Laetum
568 833 701 895 theatris
716 841 763 895 ter
776 832 899 915 crepuit
912 851 1048 896 sonum:

455 933 510 997 Me
526 941 661 1018 truncus
676 931 812 1013 illapsus
826 931 954 993 cerebro
1021 940 1024 944 “
1050 959 1054 966 ·

498 1030 689 1112 Sustulerat‚
705 1031 769 1094 nisi
782 1032 921 1094 Faunus
935 1030 1039 1096 ictum

415 1232 539 1295 Dextra
555 1231 702 1310 levasset,
719 1211 963 1293 Mercurialium

415 1331 533 1394 Custos
547 1330 699 1393 virorum.
743 1328 890 1393 Reddere
904 1330 1053 1393 victimas

458 1427 646 1511 Aedemque
660 1427 806 1491 votivam
821 1439 1001 1492 memento:

501 1523 569 1588 Nos
584 1523 743 1587 humilem
757 1520 908 1586 feriemus
923 1539 1053 1604 agnam.

701 1839 820 1854 Q

595 2097 775 2162 dannan
802 2097 929 2161 XVIIL

624 2300 675 2343 AD
706 2299 895 2342 Avnnun.

400 2476 475 2541 Non
491 2476 570 2539 ebur
584 2496 689 2559 neque
705 2496 842 2539 aureum

444 2574 520 2638 Mea
535 2574 657 2638 renidet
672 2575 706 2637 in
721 2574 817 2657 domo
832 2576 975 2655 lacunar,

401 2673 476 2738 Non
485 2672 597 2737 trabes
612 2674 799 2756 Hymettiae

442 2773 599 2835 Premunt
613 2773 784 2836 columnas
799 2772 914 2836 ultima
927 2771 1046 2835 recisas

400 2869 518 2953 Africa,
534 2891 640 2955 neque
654 2873 756 2936 Attali

443 2971 578 3053 Ignotus
593 2972 685 3035 heres
702 2971 823 3055 regiam
838 2969 1004 3053 occupavi,

296 3154 298 3157 Ι
400 3068 470 3133 Nec
484 3066 664 3133 Laconicas
679 3070 760 3133 mihi

443 3166 598 3230 'l'rahunt
612 3166 766 3232 honestae
781 3186 939 3251 purpuras
954 3165 1100 3230 clientae.

400 3264 443 3329 At
458 3263 540 3326 fides
554 3275 587 3328 et
601 3264 708 3347 ingeni

443 3363 590 3447 Benigno
604 3384 690 3428 vena
704 3376 761 3445 est,
777 3385 1014 3450 pauperemque
1029 3365 1121 3429 divos

403 3461 458 3526 Mo
472 3462 570 3545 petit:
591 3463 673 3527 nihil
689 3484 787 3549 supra

443 3561 530 3626 Deos
545 3561 667 3632 lacesso
681 3584 743 3628 nec
756 3573 919 3650 potentem
934 3563 1078 3629 amicum

621 3765 650 3815 0.
662 3766 730 3815 xviii.
742 3764 766 3816 8.
790 3767 899 3815 clientes.
