2742 4250
234 236 299 316 llil
609 251 845 302 -srrrsnuuu

229 412 272 475 At
286 409 413 475 Novius
427 408 556 490 collega
569 408 674 492 gradu
688 420 760 492 post
775 429 827 472 me
842 411 933 472 sedet
947 429 1031 493 uno;
1210 413 1252 476 40
1358 471 1359 478 ἶ

230 509 379 590 Namque
390 517 439 570 est
454 507 515 588 ille,
528 518 617 590 pater
627 508 715 590 quod
727 519 795 571 erat
809 511 1029 574 meus-Hoc
1039 511 1096 575 tibi
1110 511 1251 574 Paullus
1358 505 1359 550 3

229 608 272 671 Et
286 607 429 671 Messala
443 607 584 670 viderisl
627 609 671 670 At
685 609 748 688 hio,
763 609 791 671 si
806 609 926 690 plostra
940 609 1092 692 ducenta,

229 710 495 789 concurrantque
511 707 577 770 foro
592 708 652 770 tria
666 706 791 788 funera,
808 729 929 792 magna
943 711 1071 773 sonabit

228 809 362 871 Cornua
376 807 464 889 quod
478 807 653 888 vincatque
668 809 764 872 tubas
777 829 784 889 ;
808 809 924 872 saltem
939 820 1027 872 tenet
1040 811 1102 874 hoc
1117 830 1186 874 uos.

230 909 326 972 Nune
340 906 383 970 ad
398 927 451 969 me
465 906 561 970 redeo
575 907 723 970 libertino
738 919 827 990 patre
842 921 966 989 natum,
1210 914 1252 977 45
1358 899 1359 924 i

228 1009 340 1087 Quem
355 1007 473 1070 rodunt
486 1027 599 1069 ornnes
613 1007 760 1071 libertino
775 1019 864 1091 patre
878 1011 1003 1090 natum,

229 1106 335 1185 Nunc,
350 1107 428 1188 quia
442 1126 517 1169 sum
531 1106 597 1186 tibi,
613 1106 796 1186 Maecenas,
812 1109 982 1189 convictor,
999 1120 1033 1172 at
1046 1111 1131 1190 olim,

228 1205 329 1276 Quod
343 1206 424 1268 mihi
439 1217 563 1288 pareret.
577 1207 660 1288 legio
674 1207 825 1270 Romana
841 1209 977 1272 tribuno.

229 1305 393 1368 Dissimile
408 1307 470 1368 boe
485 1306 533 1368 illi
547 1317 613 1370 est:
635 1308 716 1388 quia
730 1326 804 1387 non,
821 1317 857 1370 ut
871 1307 961 1372 forsit
976 1310 1135 1373 honorem

228 1404 248 1468 J
251 1425 308 1467 ure
322 1405 403 1467 mihi
419 1400 563 1468 invideat
578 1406 695 1487 quivis,
711 1407 757 1469 ita
772 1418 803 1470 te
817 1427 947 1490 quoque
961 1408 1112 1488 amicum,
1210 1413 1254 1476 50
1358 1465 1359 1485 ,

230 1505 419 1567 Praesertim
433 1516 572 1568 cautum
585 1505 701 1588 dignos
717 1527 889 1587 assumere,
904 1528 1006 1590 prava
1358 1489 1359 1509 Χ

227 1604 410 1666 Ambitione
425 1605 546 1686 procul.
591 1606 737 1669 Felicem
752 1607 857 1670 dicere
872 1627 937 1670 non
952 1609 1014 1671 hoc

228 1702 282 1765 Me
296 1704 426 1784 possim,
442 1724 521 1767 casn
536 1704 624 1787 quod
639 1715 669 1768 te
686 1706 815 1769 sortitus
831 1709 995 1788 amicum3

189 1814 191 1818 “
228 1802 328 1865 Nulla
342 1805 462 1866 etenim
477 1805 557 1867 mihi
573 1816 603 1866 te
618 1804 682 1867 sors
698 1806 833 1887 obtulit3
857 1807 997 1889 optimus
1011 1809 1087 1872 olim

229 1901 387 1984 Virgilius,
403 1915 475 1986 post
490 1905 579 1966 hunc
595 1904 713 1968 Varius
728 1904 840 1968 dixere
855 1906 935 1988 quid
950 1927 1063 1971 essem.
1210 1914 1252 1974 55

229 2001 273 2063 Ut
287 2002 361 2064 veni
376 2022 493 2082 eoram,
510 2002 680 2083 singultim
694 2022 803 2085 pauca
820 2004 955 2085 loeutus,

229 2100 342 2164 lufaus
356 2120 498 2185 namque
513 2103 617 2186 pudor
631 2103 819 2186 prohibebat
833 2105 926 2188 plura
941 2105 1066 2188 profari,

229 2202 303 2264 Non
317 2222 377 2284 ego
392 2223 444 2265 me
458 2202 546 2265 claro
559 2214 675 2265 natum
690 2214 787 2285 patre,
803 2225 868 2267 non
883 2225 943 2287 ego
957 2206 1080 2270 circum

229 2302 283 2363 Me
298 2302 489 2365 Satureiano
504 2304 625 2365 vectari
638 2323 716 2365 rura
730 2304 864 2384 caballo,
1053 2384 1057 2391 Ι

228 2399 305 2479 Sed,
316 2400 404 2482 quod
418 2422 515 2482 eram,
531 2421 634 2465 narro.
678 2403 876 2486 Respondes
892 2414 929 2466 ut
944 2416 1022 2470 tuus
1037 2416 1086 2469 est
1100 2427 1190 2489 mos,¹
1209 2410 1251 2473 60

231 2499 357 2581 Pauca5
381 2502 479 2583 abe03
502 2511 534 2563 et
549 2521 681 2563 revocas
696 2520 781 2565 nono
796 2512 868 2584 post
882 2522 993 2567 mense
1003 2505 1165 2589 jubesque

230 2598 311 2660 Essa
326 2598 360 2660 in
374 2600 554 2663 amicorum
568 2620 713 2663 numero.
758 2601 920 2683 Magnum
935 2603 996 2665 hoe
1011 2623 1071 2686 ego
1086 2604 1180 2685 duce,

229 2698 328 2767 Quod
342 2700 451 2783 placui
466 2701 531 2780 tibi,
547 2700 603 2782 qui
620 2701 705 2784 turpi
720 2702 858 2763 secernis
873 2701 1056 2783 honestum,

230 2798 303 2861 Non
317 2811 406 2881 patre
421 2801 592 2883 praeclaro,
608 2800 665 2862 sed
681 2802 749 2863 vita
763 2811 795 2863 et
808 2811 934 2882 pectore
948 2821 1036 2883 puro.
1358 2865 1359 2885 ,

229 2901 327 2981 Atqui
343 2902 370 2963 si
386 2902 471 2963 vitiis
486 2901 700 2963 mediocribus
715 2920 754 2963 ac
769 2920 843 2963 mea
857 2902 971 2983 paucis
1207 2906 1249 2967 65
1358 2888 1359 2897 ἵ

229 2999 387 3061 Mendosa
402 3010 451 3062 cst
464 3011 589 3080 natura,
605 3000 727 3081 alioqui
742 3010 837 3079 reeta,
853 3001 944 3063 velut
958 3001 984 3065 si

229 3098 368 3180 Egregio
384 3099 542 3181 inspersos
557 3098 773 3181 reprehendas
787 3118 915 3181 corpore
931 3119 1060 3179 naevos,

228 3198 264 3260 Si
280 3217 385 3278 neque
399 3197 570 3260 avaritiam
585 3217 692 3279 neque
707 3197 816 3260 sordes
831 3208 890 3260 aut
904 3197 993 3261 mala
1007 3199 1110 3263 lustra

229 3295 365 3379 Objiciet
380 3315 453 3358 vere
467 3296 644 3377 quisquam
658 3296 748 3376 mihi,
764 3316 866 3379 purus
881 3308 913 3360 et
928 3298 1047 3379 insons,

230 3394 273 3458 Ut
288 3414 341 3457 me
355 3394 549 3477 collaudem,
565 3396 592 3458 si
607 3405 639 3457 et
653 3384 730 3459 vivo
744 3416 840 3459 carus
855 3396 986 3479 amieis3
1208 3399 1250 3463 70

315 3639 352 3691 tt.
370 3634 523 3703 qairreins
556 3645 597 3693 49.
615 3642 703 3692 forsan.
771 3644 810 3693 5³.
828 3660 934 3706 possum.
1002 3646 1043 3703 66,
1059 3644 1173 3707 alioquin.

444 3723 482 3771 67.
500 3723 638 3784 reprendas.
708 3724 747 3774 68.
765 3740 795 3773 ae
806 3724 887 3786 mala3
904 3741 950 3773 nec
962 3724 1028 3773 mala
