2742 4250
274 216 344 286 262
649 235 905 286 remmon
960 297 964 302 .

312 391 406 465 Quid
420 392 519 456 maris
532 403 693 456 extremos
707 393 834 456 Ambos
847 391 981 454 ditantis
994 403 1027 455 et
1040 392 1149 473 Indos,

312 491 455 556 Ludicra
469 492 557 574 quid,
573 493 710 575 plausus
723 503 756 554 et
769 492 866 555 amicr
881 492 968 555 dona
982 493 1122 562 Quiritis

311 592 390 661 Quo
405 591 581 674 spectanda
595 591 700 670 modo,
715 611 780 672 quo
794 610 893 654 sensu
907 591 1012 654 credis
1025 601 1058 655 et
1071 593 1148 655 orei

311 691 382 760 Qui
397 691 488 753 timet
502 691 554 752 his
569 690 714 768 adversa,
731 690 796 752 sere
810 690 947 751 miratur
960 689 1083 770 codem,

311 792 391 860 Quo
405 791 547 872 cupiens,
563 801 675 872 pact03
699 808 800 871 pavor
813 800 863 852 est
877 791 1047 870 utrobique
1061 791 1231 872 molestus,
1254 796 1294 856 lu

313 890 491 972 Improvisa
506 888 603 951 simul
619 891 742 970 species
756 897 895 949 exterret
909 899 1091 969 utrumque.

312 988 463 1051 Gaudeat
478 1008 520 1051 an
535 987 650 1067 doleat,
666 987 778 1069 cupiat
791 997 965 1066 metuatve,
981 988 1060 1069 qnid
1075 988 1118 1051 ad
1133 1010 1213 1066 rom,

311 1089 356 1168 Si,
372 1087 531 1169 quidquid
545 1087 629 1150 vidit
642 1087 760 1149 melius
774 1087 931 1170 pejusque
945 1106 1008 1149 sua
1021 1107 1086 1169 spe,

315 1187 439 1250 Defixis
453 1185 564 1266 oculis,
581 1187 754 1268 animoque
768 1196 801 1248 et
813 1205 944 1268 corpore
958 1188 1081 1268 torpeti

313 1285 425 1347 Insani
440 1284 569 1366 sapiens
584 1303 703 1346 nomeu
718 1282 807 1364 ferat,
823 1303 949 1367 aequus
963 1286 1077 1367 iniqui,
1254 1292 1294 1353 15

312 1384 404 1447 Ultra
418 1403 517 1465 qnam
533 1383 612 1445 satis
626 1394 675 1445 est
689 1383 842 1446 virtutem
856 1385 885 1445 si
898 1394 987 1466 petat
1001 1385 1116 1466 ipsam.

311 1484 327 1546 1
342 1503 440 1562 nunc,
455 1492 626 1565 argentum
640 1494 672 1544 et
686 1502 828 1544 marmor
842 1494 937 1546 vetus
952 1504 1091 1565 aeraque
1105 1498 1139 1547 et
1153 1498 1241 1548 artes

311 1582 455 1664 Suspice,
470 1601 547 1644 curn
563 1581 701 1664 gemmis
715 1582 836 1663 Tyrios
850 1583 967 1644 mirare
980 1582 1120 1648 colores:

311 1681 435 1761 Gaude,
451 1681 539 1763 quod
553 1691 700 1763 spectant
714 1681 803 1743 oculi
817 1692 849 1743 te
863 1682 953 1744 mille
968 1681 1174 1763 loquentem
1351 1724 1352 1763 ss

311 1781 449 1844 Gnarus
464 1800 560 1843 mane
573 1779 681 1843 forum
695 1791 728 1842 et
742 1781 944 1862 vespertinus
958 1792 1030 1863 pete
1044 1792 1177 1863 tectum,
1250 1786 1295 1848 20
1351 1780 1352 1783 ’

310 1881 361 1945 Ne
374 1880 450 1963 plus
464 1880 617 1943 frumenti
633 1879 797 1943 dotalibus
811 1891 930 1942 emetat
944 1882 1030 1962 agris
1351 1872 1352 1881 ’

309 1981 433 2060 Mutus,
448 1979 704 2061 et—indignum,
719 1979 807 2060 quod
822 1979 865 2041 sit
878 1980 1038 2062 pejoribus
1052 1992 1186 2043 ortus-

310 2079 373 2143 Hic
388 2079 445 2143 tibi
460 2079 501 2141 sit
515 2079 630 2161 potius,
645 2098 748 2161 quam
762 2088 800 2141 tu
812 2078 969 2142 mirabilis
983 2078 1039 2141 ilii.

310 2178 482 2259 Quidquid
497 2178 559 2241 sub
573 2188 655 2240 terra
669 2188 727 2258 est,
743 2178 777 2239 in
791 2178 938 2260 apricum
952 2177 1088 2259 proferet
1102 2189 1212 2261 aetas3
1351 2231 1352 2238 ,

311 2276 461 2341 Desodiet
475 2277 655 2359 condetque
670 2277 814 2341 nitentia.
859 2278 947 2342 Cum
960 2279 1043 2339 bene
1057 2289 1172 2341 notum
1245 2281 1289 2342 25

310 2378 455 2441 Porticus
470 2378 631 2459 Agrippae
645 2388 678 2439 et
692 2378 747 2440 via
762 2389 793 2440 te
808 2378 1012 2459 conspexerit
1027 2378 1121 2459 Appt,

309 2480 359 2542 lre
374 2489 484 2541 tamen
498 2487 603 2557 restat,
620 2477 732 2541 Numa
746 2496 812 2558 quo
826 2476 957 2539 devenit
970 2487 1003 2539 et
1017 2478 1139 2539 Ancus.

309 2578 346 2643 Si
360 2578 446 2641 latus
461 2588 519 2640 aut
533 2597 626 2639 renes
640 2578 751 2639 morbo
766 2586 931 2638 tentantur
945 2588 1050 2655 acuto,

309 2679 440 2747 Quaere
456 2676 569 2758 fugam
583 2675 694 2737 morbi.
738 2675 795 2737 Vis
810 2684 894 2736 recte
908 2676 1035 2737 vivere:
1058 2676 1132 2756 quis
1147 2694 1211 2737 uon
1228 2678 1237 2734 t
1351 2713 1352 2764 3

309 2778 346 2843 si
360 2776 462 2839 virtus
477 2775 539 2837 hoc
555 2795 622 2837 una
636 2784 739 2855 potest
754 2772 840 2849 dare,
855 2773 944 2835 sortis
958 2775 1088 2836 omissis
1243 2775 1286 2837 30

309 2877 381 2939 Hoc
393 2896 456 2957 age
470 2875 602 2938 deliciis
647 2874 807 2936 Virtutem
823 2875 921 2936 verba
935 2885 1032 2956 putas
1047 2885 1080 2936 et

309 2976 439 3039 Lucum
454 2974 566 3056 ligna?
610 2974 709 3051 Cave,
725 2993 766 3035 ne
780 2984 890 3054 portus
905 2983 1041 3055 occupet
1056 2971 1142 3053 alter,

309 3057 359 3137 Ne
375 3074 569 3155 Cibyratica,
586 3092 626 3135 ne
642 3073 787 3153 Bithyna
802 3074 931 3154 negotia
945 3071 1078 3154 perdas;

310 3172 401 3236 Mille
415 3172 537 3235 talenta
552 3171 771 3251 rotundentur‚
787 3175 920 3234 totidem
935 3173 1044 3250 altera,
1059 3181 1195 3253 porroet

310 3271 423 3358 Tertia
438 3270 622 3350 succedant,
638 3281 770 3353 atquae
784 3291 858 3353 pars
873 3271 1009 3351 quadret
1023 3288 1186 3333 acervum.
1214 3323 1228 3335 ,
1245 3272 1286 3335 (to

264 3376 268 3385 '
312 3371 440 3436 Scilicet
454 3390 589 3435 uxorem
604 3390 681 3435 cum
695 3370 777 3450 dote,
793 3370 965 3451 fidemque,
981 3381 1013 3433 ct
1028 3371 1176 3452 anricm'

315 3470 355 3534 ut
370 3490 481 3555 genuS,
497 3480 529 3533 et
543 3470 678 3535 sormam
694 3470 804 3551 regina
819 3470 963 3533 Pecunia
978 3469 1087 3550 «donat,

628 3700 668 3749 ³5.
686 3701 797 3761 quadrat,
809 3702 924 3751 Oreilt'u
