2742 4250
229 250 298 318 tlt
625 266 841 318 samson

227 426 320 488 Forte
335 424 445 487 minus
460 423 602 508 locuples
616 444 683 488 uno
697 425 877 506 quadrante
891 423 1031 508 perisset,

226 525 298 607 lpse
312 524 474 587 videretur
487 525 549 588 sibi
563 526 715 606 nequior:
737 525 843 590 omnis
858 526 947 588 enim
960 545 1019 605 res,

226 625 342 704 Virtus,
358 622 456 704 sama,
471 624 580 704 decus,
595 625 709 688 divina
723 625 934 708 humanaque
948 625 1091 709 pulchris
1201 629 1252 692 95
1363 707 1364 716 ἵ

226 725 355 789 Divitiis
369 733 500 808 parent3
522 744 606 807 quas
619 725 677 806 qui
691 727 913 806 construxerit,
929 726 983 789 ille

224 824 341 887 Clarus
354 823 421 904 erit,
437 822 535 903 sortis,
545 824 885 907 justus—Sapiensne
895 825 1072 906 l-—Etiam
1088 835 1120 888 et
1134 847 1191 890 rex

228 925 268 986 Et
282 923 443 1005 quidquid
458 922 552 986 volet
596 924 677 1002 Hoc,
694 923 796 986 veluti
810 924 928 988 virtute
943 935 1100 1006 paratum,

223 1023 372 1104 Speravit
386 1042 526 1105 magnae
541 1023 632 1086 laudi
646 1022 721 1087 fore.
765 1023 859 1094 Quid
874 1023 979 1086 simile
994 1024 1047 1088 isti

226 1125 368 1185 Graecus
383 1123 574 1204 Aristippus,
588 1124 646 1205 qui
661 1143 770 1186 servos
786 1125 934 1207 projicere
949 1144 1067 1186 eurum
1182 1124 1251 1186 100
1363 1123 1364 1128 ’

228 1221 262 1284 ln
278 1221 385 1284 media
394 1223 492 1305 jussit
505 1222 620 1304 Libya,
635 1222 713 1304 quia
728 1221 851 1285 tardius
865 1221 948 1285 irent

229 1322 354 1403 Propter
367 1341 451 1384 onus
466 1322 604 1404 segnes?
647 1323 726 1386 Uter
740 1332 789 1385 est
803 1322 946 1384 insanior
960 1322 1097 1384 horum?

229 1421 280 1484 Nil
295 1422 364 1502 agit
377 1421 573 1503 exemplum,
590 1421 680 1484 litem
695 1420 783 1503 quod
799 1421 853 1484 lite
870 1421 1009 1485 resolvit.

226 1519 262 1583 Si
274 1522 349 1603 quis
363 1532 450 1583 emat
461 1522 613 1601 citharas,
629 1533 756 1604 emptas
771 1532 945 1604 comportet
959 1522 993 1584 in
1009 1541 1121 1602 unum,

221 1619 292 1686 Nec
308 1619 415 1682 studio
428 1621 570 1684 citharae
586 1641 646 1684 nec
661 1622 778 1684 Musae
794 1620 923 1684 deditus
937 1621 1015 1702 ulli;
1180 1622 1249 1687 105
1363 1659 1364 1662 ¹

227 1716 264 1780 Si
274 1719 400 1801 scalpra
414 1729 446 1781 et
460 1718 579 1782 formas
593 1740 660 1784 non
674 1731 770 1801 sutor,
786 1721 920 1787 nautica
934 1719 1009 1783 vela

226 1820 366 1882 rlversus
381 1820 577 1899 mercaturis,
593 1818 713 1882 delirus
728 1830 760 1882 et
775 1839 887 1882 amens

225 1917 375 2000 Undique
390 1919 516 1982 dicatur
530 1919 650 1982 merito.
695 1920 765 1989 Qut
780 1919 939 2004 discrepat
953 1921 1030 1990 ism„

223 2018 293 2087 Qui
308 2037 460 2081 nummos
475 2038 657 2100 aurumque
671 2018 823 2099 recondit,
839 2020 968 2082 nescius
984 2023 1057 2100 uti,

223 2118 417 2201 Compositis
430 2131 642 2201 metuensque
657 2118 747 2182 velut
761 2120 944 2203 contingere
960 2112 1113 2183 sac'rum'l
1180 2121 1248 2185 lto
1363 2176 1364 2181 ,

223 2219 258 2281 Si
272 2218 346 2299 quis
360 2218 404 2280 nd
418 2218 583 2299 ingentem
596 2219 750 2283 immenti
765 2240 889 2302 semper
904 2240 1058 2283 acervum

224 2319 390 2381 Pori-ectus
406 2318 517 2399 vigilet
531 2338 610 2383 cum
624 2318 721 2402 longo
736 2318 830 2399 fuste,
846 2340 953 2403 neque
968 2320 1056 2383 illinc

225 2418 351 2482 Audeat
365 2418 509 2482 esuriens
524 2418 677 2483 dominus
691 2420 876 2503 contingere
892 2438 1038 2503 granum,

222 2519 271 2579 Ac
286 2518 392 2599 potius
406 2518 491 2581 foliis
505 2538 622 2601 parcus
638 2530 788 2583 vescatur
802 2521 940 2583 amaris:

223 2618 256 2681 Si
273 2618 383 2699 positis
397 2618 486 2682 intus
501 2620 577 2683 Chii
592 2620 773 2702 veterisque
789 2620 923 2685 Falerni
1181 2620 1246 2683 1Ιῦ

215 2717 312 2802 Μίὼ
327 2718 426 2798 cadis,
441 2720 524 2783 nihil
537 2730 595 2799 est,
611 2729 790 2783 tercentum
805 2719 959 2798 millibus,
975 2739 1048 2781 acre

224 2818 314 2879 Potet
329 2829 476 2900 acetum;
500 2838 569 2901 age,
585 2819 612 2881 si
627 2829 660 2881 et
673 2819 857 2881 stramentis
872 2818 1010 2898 incubet,
1027 2816 1127 2880 unde·

223 2918 395 3000 Octoginta
409 2938 512 2985 annos
527 2930 633 2999 natus,
648 2920 703 2981 cui
718 2918 863 3001 stragula
877 2919 987 2997 vestis,

224 3016 403 3080 Blattarum
418 3038 458 3081 ac
473 3018 632 3081 tinearum
646 3018 770 3101 epulae,
786 3028 948 3100 putrescat
963 3018 997 3081 in
1012 3037 1105 3096 arca;

223 3118 385 3181 Nimirum
398 3118 535 3181 insanus
550 3121 663 3199 paucis
678 3118 835 3197 videatur,
850 3138 888 3181 eo
903 3118 992 3199 quod
1181 3119 1248 3182 mo

224 3216 371 3279 Maxima
384 3236 459 3297 pars
474 3216 644 3282 hominurn
658 3218 768 3280 morbo
778 3219 919 3301 jactatur
933 3216 1054 3278 eodem.

224 3316 328 3380 Filius
342 3316 512 3379 autetiam
526 3317 607 3379 haec
621 3317 753 3380 libertus
768 3328 806 3381 ut
819 3318 927 3381 ebibat
941 3316 1042 3395 heres,

225 3418 284 3481 nis
298 3400 428 3478 inimice
442 3436 551 3496 senex,
566 3417 733 3480 custodis?
777 3417 826 3481 Ne
841 3418 898 3481 tibi
913 3416 1018 3479 desit?

224 3514 433 3587 Quantulum
448 3516 536 3579 enim
551 3536 699 3579 summae
714 3518 853 3579 curtabit
867 3516 1005 3599 quisque
1020 3513 1154 3591 dierum,

518 3750 557 3798 9³.
575 3750 668 3811 periret.
736 3748 945 3799 96.0011rraxutr.
