2742 4250
469 265 579 315 umus
603 264 627 314 1.
677 263 711 313 a
737 261 814 312 xvu
1076 240 1145 320 267

176 423 275 503 Valle,
290 422 349 486 sed
363 432 400 484 ut
413 421 547 484 veniens
562 421 715 483 dextrum
728 419 814 482 latus
829 418 989 502 adspiciat
1007 420 1063 494 sol,

173 522 326 588 Laevum
338 521 507 584 discedens
520 539 617 582 curru
631 519 775 601 fugiente
789 529 929 600 vaporet.

173 623 382 705 Temperiem
397 619 525 683 laudes.
568 618 670 698 Quid,
686 618 714 680 si
728 617 908 680 rubicunda
922 617 1053 700 benigni

175 723 284 784 Coma
297 740 410 803 vepres
425 729 457 781 et
471 738 575 800 pruna
589 717 717 780 ferant?
739 717 767 778 si
782 735 918 798 quercus
933 726 965 778 et
979 717 1044 780 ilex

174 821 283 885 Multa
296 818 390 901 fruge
404 837 512 901 pecus,
528 816 633 879 multa
647 816 817 879 dominum
826 818 919 900 juvet
934 816 1072 881 umbra?
1112 818 1148 881 1⁰

175 921 277 983 Dicas
292 917 472 981 adductum
487 917 617 999 propius
631 915 776 978 frondere
791 916 981 978 Tarentum.

176 1021 266 1082 Fons
280 1018 379 1080 etiam
392 1017 462 1079 rivo
476 1015 553 1078 dare
567 1032 687 1077 nornen
701 1014 846 1094 idoneus,
862 1023 899 1076 ut
914 1033 975 1077 nec

178 1117 335 1199 Frigidior
349 1117 517 1180 Thracam
531 1134 592 1177 nec
606 1114 715 1196 purior
728 1114 850 1177 ambiat
864 1114 1001 1193 Hebrus,

177 1216 311 1280 infirmo
325 1216 423 1298 capiti
438 1214 513 1277 fluit
527 1213 624 1294 utilis,
640 1213 730 1275 utilis
745 1213 828 1275 alvo.

177 1315 249 1378 Hae
264 1315 405 1377 latebrae
420 1312 541 1393 dulces,
556 1313 662 1392 etiam,
679 1313 707 1375 si
721 1311 833 1392 credis,
849 1331 1013 1392 amoenae,
1109 1313 1147 1375 ld

176 1414 380 1478 Incolumem
395 1413 453 1476 tibi
468 1433 521 1475 me
535 1422 700 1495 praestant
714 1412 955 1494 Septembribus
970 1413 1064 1474 lrorrs.

177 1514 234 1576 Tu
248 1524 332 1575 recte
347 1512 441 1592 vivis,
458 1512 486 1574 si
499 1530 596 1574 curas
610 1531 689 1591 esse,
705 1511 793 1593 quod
807 1511 911 1573 audis.

177 1613 345 1677 Jactamus
355 1613 424 1695 jam
438 1611 562 1693 pridem
576 1611 682 1672 omnis
697 1621 728 1673 te
743 1611 848 1673 Roma
863 1611 1012 1673 beatum:

177 1712 242 1775 Sed
257 1731 373 1791 vereor,
388 1730 430 1774 ne
445 1711 498 1773 cui
513 1709 554 1772 de
567 1720 599 1772 te
614 1709 688 1792 plus
702 1730 802 1791 quam
818 1710 874 1772 tibi
888 1709 1009 1789 credas,

178 1812 271 1876 Neve
284 1820 378 1892 putes
392 1808 495 1872 alium
509 1809 653 1892 sapiente
667 1809 815 1890 bonoque
830 1809 981 1872 beatum:
1107 1808 1150 1870 20

178 1911 260 1989 Neu,
277 1910 305 1972 si
320 1921 350 1972 te
364 1909 503 1991 populus
518 1927 637 1971 sanum
650 1905 799 1990 recteque
814 1906 976 1969 valentem

178 2010 320 2088 Dictitet,
335 2008 497 2072 occultam
512 2007 624 2071 febrim
639 2009 702 2071 sub
716 2017 842 2090 tempus
857 2005 973 2069 edendi

180 2107 384 2189 Dissimulcs‚
401 2107 503 2171 donec
517 2108 669 2172 manibus
684 2117 801 2171 tremor
814 2103 935 2170 incidat
951 2105 1065 2169 unctis.

178 2208 360 2273 Stultorum
373 2208 521 2271 incurata
534 2207 639 2290 pudor
651 2207 759 2270 malus
774 2206 883 2269 ulcera
898 2205 989 2268 celat.

179 2309 215 2373 Si
230 2307 304 2390 quis
318 2306 405 2371 bella
419 2306 477 2369 tibi
491 2316 573 2370 terra
586 2316 732 2390 pugnata
746 2307 892 2388 marique
1111 2307 1152 2369 25

179 2408 286 2487 Dicat,
301 2416 333 2469 et
347 2406 399 2471 lris
413 2406 518 2469 verbis
532 2424 655 2469 vacuas
669 2406 867 2488 permulceat
881 2425 993 2469 aures:

181 2506 273 2569 Tene
287 2505 393 2589 magis
407 2505 538 2569 salvum
551 2505 690 2588 populus
704 2505 791 2585 velit,
807 2524 851 2567 an
865 2505 1020 2588 populum
1036 2515 1081 2584 tu,

181 2608 294 2671 Servat
308 2605 343 2668 in
357 2605 518 2687 ambiguo,
533 2604 590 2686 qui
604 2604 744 2668 consulit
757 2614 790 2667 et
805 2605 862 2668 tibi
876 2615 907 2667 et
922 2604 1001 2683 urbi,

181 2706 324 2788 Jupiter;
346 2704 489 2786 Augusti
502 2703 617 2767 laudes
631 2724 803 2787 agnoscere
817 2704 920 2787 possis
932 2726 940 2766 :¹

182 2806 269 2867 Cum
282 2804 399 2887 pateris
412 2803 542 2886 sapiens
556 2803 812 2885 emendatusque
826 2804 942 2882 vocari,
1113 2801 1155 2864 30

183 2903 414 2986 Respondesne
428 2913 494 2983 tuo,
509 2903 562 2965 dic
577 2903 679 2984 sodes,
694 2903 848 2967 nominel
891 2902 1015 2984 Nempe

183 3003 240 3067 Vir
253 3004 357 3067 bonus
372 3013 404 3065 et
417 3002 558 3085 prudens
572 3002 636 3065 dici
650 3002 790 3065 delector
803 3022 862 3086 ego
877 3018 915 3065 ac
930 3012 975 3064 tu.

184 3103 255 3173 Qui
269 3102 357 3165 dedit
370 3103 433 3165 hoc
446 3101 551 3182 hodie,
566 3122 646 3182 cras,
661 3102 690 3164 si
704 3101 799 3182 volet,
815 3100 955 3165 auferet:
979 3110 1023 3181 ut,
1041 3100 1067 3162 si

187 3201 344 3265 Detulerit
358 3201 461 3264 fasces
475 3200 617 3283 indigno,
632 3201 778 3263 detrahet
793 3200 887 3263 idem.

187 3301 283 3379 Pone,
299 3318 411 3363 meum
424 3310 481 3379 est,
496 3299 619 3382 inquit3
641 3317 726 3382 pono
742 3299 902 3382 tristisque
917 3298 1038 3362 recedo.
1117 3297 1157 3361 35

190 3399 280 3461 idern
294 3397 322 3460 si
336 3398 454 3461 clamet
468 3398 581 3478 furem,
596 3408 691 3480 neget
704 3410 774 3461 csse
789 3397 953 3480 pudicum,
1133 3402 1135 3407 ’

190 3497 371 3561 lbntendat
386 3497 503 3581 laqueo
516 3498 637 3560 collum
651 3496 802 3579 pressisse
816 3507 1003 3579 paternum3

368 3727 398 3777 u.
409 3726 457 3777 xvi
470 3726 494 3778 S.
510 3727 622 3788 benigue.
689 3726 714 3783 9,
727 3724 764 3774 1⁰.
781 3722 868 3781 lerunt,
874 3723 949 3785 juvat.
