2742 4250
645 277 845 328 (immun

605 546 785 609 GARMEN
816 547 892 607 ΧΠ

415 730 471 774 ru
504 729 771 776 ceesrueu
806 708 1113 774 eceuuruu.¹

368 893 481 962 Quem
495 891 601 978 virum
616 901 673 954 aut
688 891 785 978 herbe
799 890 871 974 lyra
884 891 936 954 vei
951 895 1017 954 acri

369 991 468 1054 Tibia
482 991 584 1054 sumis
598 991 767 1078 celebrere,
783 990 879 1054 Clio?
900 983 908 1000 '

368 1091 481 1161 Quem
495 1089 619 1153 deum?
640 1091 735 1172 cujus
750 1090 870 1159 recinet
878 1091 989 1174 jocosa

452 1189 577 1252 Nomen
593 1189 701 1272 imago

368 1388 436 1450 Aut
450 1406 484 1449 ru
499 1387 658 1450 umbrosis
672 1387 837 1451 Heliconis
847 1387 923 1468 loris,

368 1487 435 1549 Aut
449 1505 545 1571 super
558 1483 673 1567 Pierio,
689 1485 836 1568 gelidove
850 1485 884 1548 in
898 1474 1049 1549 Hacine?

368 1584 463 1649 Unde
477 1585 624 1648 vocalem
638 1595 756 1679 temere
770 1585 933 1648 insecutae

425 1685 437 1706 ”
452 1683 583 1767 Orphea
598 1684 708 1764 silvae,

366 1883 443 1946 Arte
458 1892 604 1973 materna
618 1882 745 1966 rapidos
760 1894 939 1946 morantem

368 1982 560 2045 Flumiuum
575 1983 686 2065 lapsus
700 1982 883 2063 celeresque
899 1992 1020 2060 ventos,

367 2079 531 2144 Blandum
545 2090 577 2143 et
591 2081 713 2144 auritas
728 2079 848 2143 fidibus
862 2080 988 2143 canoris
1001 2111 1013 2133 f

451 2181 576 2244 Ducere
591 2199 739 2262 quercus.

366 2376 459 2448 Quid
474 2378 562 2460 prius
577 2378 682 2463 dicem
699 2377 799 2441 solitis
815 2379 961 2442 Parentis

367 2476 544 2558 Laudibus,
560 2478 617 2559 qui
633 2497 681 2540 res
697 2478 921 2541 hominumue
936 2477 1078 2556 deorum,

366 2576 436 2647 Qui
451 2594 539 2638 mare
554 2585 705 2643 ac¹terras
720 2578 881 2659 variisque
896 2576 1058 2640 muudum
1216 2580 1255 2642 15

449 2675 624 2759 Temperat
637 2676 751 2778 horis?

366 2871 460 2936 Unde
475 2874 521 2936 nil
536 2874 642 2957 majus
658 2885 828 2956 generatur
843 2875 920 2957 ipsu

365 2972 433 3037 Nec
448 2972 535 3056 viget
549 2972 731 3055 quidquam
746 2974 850 3037 simile
865 2983 923 3038 aut
938 2972 1139 3038 secundum:

366 3053 533 3136 Proriim'os
548 3072 594 3135 iiii
610 3082 719 3136 tamen
733 3074 904 3157 occupavit

448 3170 558 3234 Pallas
573 3172 718 3234 honores⁴

365 3368 496 3432 Proeliis
511 3369 632 3449 audax,
648 3388 753 3452 neque
769 3381 799 3439 te
815 3371 923 3448 silebo,

365 3469 470 3549 Liber,
486 3480 517 3532 et
532 3470 637 3531 saevis
653 3469 785 3533 inimice
799 3489 891 3553 vrrgo

242 3663 457 3717 Cui‘bsumes.
510 3671 533 3719 3.
545 3670 637 3719 recinit.
705 3670 741 3719 13.
756 3670 821 3727 Quid
833 3670 912 3731 prinei
931 3670 1017 3719 Dicam
1029 3669 1104 3718 solitis
1116 3667 1245 3720 Perentcm

308 3750 345 3798 19.
358 3751 492 3810 occupabit.
547 3750 588 3807 20,
599 3752 639 3800 21.
653 3750 733 3800 Pelles
743 3750 854 3808 bonores,
865 3750 966 3800 Proeliis
977 3750 1064 3800 audax„
1093 3750 1187 3808 Neque.
