2742 4250
226 261 294 330 284
596 279 851 330 urmmuaauu

222 435 355 500 Subruit
369 447 427 498 aut
441 435 552 499 reficit.
597 437 713 502 Valeat
727 457 778 501 res
792 437 926 517 ludicra,
941 438 970 502 si
984 458 1038 502 me
1179 441 1239 504 180

222 537 338 607 Palma
353 547 471 619 negata
484 555 642 617 macrum,
656 537 778 600 donata
792 537 917 603 reducit
929 538 1086 622 opimum

222 636 325 719 Saepe
340 636 438 699 etiam
452 635 612 702 audacem
626 635 720 719 fugat
734 639 797 700 hoc
812 649 970 721 terretque
983 650 1123 721 poetam,
1185 667 1188 672 ·

221 735 323 807 Quod
338 755 472 800 numero
486 737 603 820 plures,
619 737 738 800 virtute
753 737 922 800 ethonore
935 738 1084 818 minores,

222 836 347 900 ludocti
362 836 534 918 stolidique
547 847 580 900 et
593 835 779 918 depugnare
793 838 904 919 parati,

222 937 257 1000 Si
273 935 431 998 discordet
444 956 553 1018 eques,
570 935 679 1027 media
694 936 777 998 iuter
789 937 934 1000 carmina
949 949 1088 1020 poscunt
1187 943 1241 1003 185

225 1037 290 1098 Aut
304 1055 419 1099 ursum
433 1045 491 1100 aut
505 1035 650 1118 pugiles:
672 1036 725 1099 his
739 1055 819 1100 uam
833 1036 1001 1119 plebecula
1015 1038 1154 1120 plaudit.

144 1210 146 1214 Ι
224 1137 342 1200 Verum
358 1135 475 1218 equitis
490 1154 622 1218 quoque
632 1137 703 1218 jam
717 1136 869 1218 migravit
882 1137 926 1200 ab
939 1157 1018 1200 aure
1034 1138 1188 1222 voluptas

223 1237 339 1300 Omnis
354 1236 397 1298 ad
412 1237 550 1299 incertos
565 1237 676 1301 oculos
690 1245 723 1299 et
737 1236 859 1318 gaudia
872 1254 969 1301 vana.

222 1339 375 1406 Quatuor
389 1348 447 1399 aut
461 1336 569 1418 plures
584 1336 702 1400 aulaea
715 1348 905 1418 premuntur
919 1338 954 1401 in
967 1338 1072 1418 horas,

225 1437 314 1499 Dum
329 1435 459 1517 fugiunt
473 1436 622 1518 equitum
636 1446 763 1500 turmae
776 1435 988 1519 peditumque
1002 1449 1169 1503 catervae:
1183 1441 1243 1504 190

224 1537 302 1600 Mox
319 1536 454 1598 trahitur
468 1536 622 1598 manibus
635 1556 750 1618 regum
764 1536 893 1600 fortuna
907 1538 1039 1618 retortis,

225 1635 349 1700 Esseda
363 1634 527 1714 festinant,
542 1635 673 1717 pilenta,
688 1637 847 1718 petorrita,
860 1657 972 1717 naves,

222 1736 398 1820 Captivum
414 1745 558 1818 portatur
571 1736 659 1816 ebur,
674 1737 807 1818 captiva
820 1737 1004 1800 Corinthus.

221 1835 258 1900 Sl
272 1836 351 1900 soret
366 1855 398 1898 tn
414 1835 513 1914 terris,
529 1834 644 1898 rideret
658 1835 872 1916 Democritus,
888 1857 947 1898 seu

223 1937 397 1999 Diversum
412 1934 550 1999 confusa
563 1955 667 2018 genus
683 1936 840 2020 panthera
854 1936 989 2000 camelo·
1183 1941 1243 2004 195

221 2037 297 2099 Sive
312 2036 444 2118 elephas
460 2035 554 2099 albus
569 2035 661 2117 vulgi
676 2045 874 2098 conuerteret
887 2056 962 2118 ora3

221 2138 386 2218 Spectaret
400 2136 560 2219 populum
574 2136 660 2199 ludis
675 2136 830 2199 attentius
844 2136 924 2219 ipsis

222 2236 266 2299 Ut
281 2235 342 2299 sibi
356 2237 563 2318 praebentem
578 2237 678 2299 mimo
694 2236 881 2318 spectacula
891 2236 996 2319 plura,

221 2335 395 2417 Scriptores
410 2344 522 2397 autem
533 2354 665 2399 narrare
680 2345 807 2417 putaret
820 2335 921 2399 asello

221 2433 390 2500 Fabellam
405 2453 444 2498 su
450 2433 512 2497 rdo,
556 2434 643 2499 Nam
657 2454 743 2517 quae
757 2434 940 2518 pertinuere
954 2455 1051 2499 voces
1178 2439 1243 2502 200

225 2533 382 2597 Evaluere
398 2554 524 2615 sonum,
539 2533 680 2599 referunt
695 2554 794 2617 quem
809 2546 919 2598 nostra
934 2536 1083 2599 theatra?

220 2633 410 2715 Garganum
424 2634 549 2716 mugire
564 2644 657 2717 putes
672 2652 790 2698 nemus
804 2645 863 2697 aut
877 2654 967 2697 mare
982 2635 1153 2719 Tuscum3

219 2732 329 2796 'Panto
343 2752 421 2795 curn
435 2733 569 2816 strepitu
583 2732 653 2797 ludi
668 2742 855 2815 spectantur
868 2745 900 2796 et
915 2743 1000 2797 artes

220 2832 425 2914 Divitiaeque
440 2832 632 2917 peregrinae,
648 2832 768 2913 quibus
782 2832 901 2896 oblitus
915 2844 1002 2897 actor

219 2934 304 2995 Cum
320 2933 406 2995 stetit
421 2932 454 2995 in
471 2952 578 3012 scena,
593 2934 755 2996 concurrit
767 2931 901 2996 dextera
915 2933 1038 2997 laevae.
1175 2937 1242 3001 206
1362 2950 1363 2953 ’

220 3032 313 3094 Dixit
327 3032 435 3094 adhuc
451 3031 575 3114 aliquid
586 3032 605 3095 l·
645 3031 700 3097 Nil
715 3051 805 3098 sane.
848 3032 941 3104 Quid
955 3033 1062 3115 placet
1075 3035 1174 3117 ergol

221 3133 312 3195 bana
326 3133 505 3197 Tarentino
519 3132 621 3195 violas
635 3132 762 3196 imitata
775 3152 910 3197 veneno.

221 3232 267 3294 Ac
282 3251 322 3293 ue
338 3229 416 3293 sorte
430 3242 532 3313 putes,
548 3250 609 3309 me,
625 3250 711 3313 quae
724 3230 830 3295 facere
843 3232 913 3315 ipse
927 3252 1082 3313 recusem,
1190 3306 1196 3314 ,

220 3332 302 3393 Dum
320 3342 402 3418 recte
418 3341 553 3393 tractent
567 3331 632 3412 alii,
649 3332 782 3396 laudare
796 3332 957 3415 maligue;
1044 3390 1048 3396 .

221 3430 276 3494 llle
291 3450 347 3513 per
361 3440 530 3493 extentum
545 3429 660 3495 funem
674 3431 757 3496 mibi
769 3452 864 3515 posse
878 3432 1007 3496 videtur
1173 3434 1239 3498 Diti

221 3530 268 3593 lrc
283 3538 384 3613 poeta.
401 3550 512 3595 meum
526 3531 584 3614 qui
598 3539 711 3595 uectus
725 3532 864 3596 inaniter
877 3532 977 3616 angit,

646 3762 700 3813 186.
718 3765 816 3824 gaudet.
941 3770 944 3773 ’

1360 3300 1363 3359 l

1362 3580 1363 3645 l

1362 3722 1363 3776 l
