2742 4250
458 256 632 310 multu.
679 260 798 312 (ΗΧ.

202 435 206 441 ·
286 420 491 500 Quanquam
505 417 629 479 choreis
643 417 747 498 aptior
758 426 792 478 et
801 415 883 500 joeis

286 515 445 600 Ludoque
459 515 575 596 dietus,
590 535 657 579 non
672 526 724 578 sat
737 515 872 578 idoneus

327 617 463 698 Pugnae
477 613 645 696 ferebari13
669 613 829 678 sedidem

369 714 465 776 Pacis
479 733 549 776 eras
564 713 757 795 mediusque
769 713 856 778 beili.

287 925 339 991 'l'a
354 923 435 987 vidit
450 924 561 986 insons
575 925 735 988 Cerberus
749 943 847 988 aureo

287 1023 397 1090 Uoenu
411 1022 571 1104 decorum,
587 1023 700 1089 leniter
713 1034 852 1088 atterens

329 1120 488 1204 Caudam,
503 1133 535 1185 et
549 1121 729 1186 recedentis
744 1121 888 1206 trilingui

368 1221 433 1284 (ire
446 1219 545 1305 pedes
559 1221 726 1305 tetigitque
739 1241 843 1286 entra.

567 1551 685 1568 ύ-

487 1812 666 1876 ΟΔΒΜΕΝ
697 1813 767 1874 XX

427 2028 478 2071 sl)
510 2025 827 2070 masscuna‘rmt·

265 2218 339 2284 Non
355 2220 474 2282 usitata
488 2239 548 2283 nec
565 2219 653 2283 tenui
667 2218 750 2283 ferar

263 2318 377 2381 Penne
390 2318 534 2381 biformis
548 2338 605 2401 per
618 2317 782 2400 liquidum
795 2318 927 2381 aethera

305 2417 410 2496 Vates,
426 2436 532 2499 neque
547 2417 582 2481 in
596 2418 688 2481 terris
701 2418 847 2480 morabor

346 2515 500 2597 Longius,
516 2513 706 2599 invidiaque
718 2516 819 2600 major

265 2723 364 2789 Urbes
378 2726 570 2809 relinquam.
612 2724 688 2791 Non
702 2747 770 2812 ego,
785 2745 965 2811 pauperum
1111 2731 1131 2791 ὅ

261 2824 597 2908 Sanguis'parentum,
613 2845 678 2890 non
693 2846 762 2909 ego,
777 2845 877 2908 quern
891 2844 998 2905 vocas,

304 2922 428 2986 Dilecta
443 2925 626 3004 Maecenas,
640 2926 744 3004 obibo,

243 3092 253 3111 ὑ
345 3021 414 3085 Nec
429 3024 544 3107 Stygia
558 3024 729 3088 cohibebor
743 3021 841 3086 unda.

260 3235 337 3300 Jam
346 3237 418 3319 jam
432 3237 577 3300 residunt
591 3238 738 3301 cruribus
753 3252 884 3321 asperae

261 3334 374 3415 Pelles,
390 3344 421 3398 at
436 3336 548 3400 album
562 3335 843 3400 mutarinalitem
1094 3339 1130 3399 tu

302 3434 457 3518 Supeme,
472 3446 715 3519 nascunturque
729 3436 817 3499 leves

345 3533 406 3597 Per
420 3534 535 3618 digitos
550 3537 767 3619 humerosque
781 3536 921 3619 plumae.

323 3734 351 3784 C.
364 3749 404 3783 xx.
420 3738 440 3784 1.
460 3736 607 3786 Non-non.
743 3739 780 3786 ii.
798 3737 915 3799 Superas.
