2742 4250
232 250 302 324 274
612 265 866 316 xrrsromnnu

230 425 375 496 dualem
388 421 604 502 commendes,
620 423 720 485 etiam
733 433 831 504 atque
845 422 943 484 etiam
958 421 1098 506 adspice,
1113 443 1156 487 ne
1172 444 1246 488 mox

234 525 394 588 incutiant
408 523 515 585 aliena
531 523 588 585 tibi
603 532 737 605 peecata
751 520 916 604 pudorem.

234 623 398 702 Fallimur,
414 633 446 684 et
460 620 627 703 quondam
642 641 708 683 non
723 620 860 703 dignum
874 621 1050 688 tradimus:
1072 643 1148 706 ergo

230 726 341 794 Quem
357 743 417 784 sua
430 721 528 803 culpa
542 731 672 804 premet,
688 721 843 802 deceptus
857 720 968 784 omitte
983 724 1084 804 tueri,

233 823 275 886 Ut
289 823 416 905 penitus
431 832 554 899 notum,
569 821 598 882 si
612 829 737 882 tentent
749 820 894 898 crimina,
910 839 1018 883 serves
1210 824 1253 886 en

231 923 427 1002 'laterisque
442 929 498 982 tuo
513 919 668 982 fidentem
683 919 861 1002 praesidio:
883 921 940 1001 qui

235 1021 338 1085 Dente
353 1019 526 1083 Theonino
540 1037 617 1080 cum
632 1017 885 1098 circumfoditur,
900 1019 1017 1100 ecquid

231 1118 284 1181 Ad
299 1128 330 1180 te
345 1129 416 1200 post
430 1117 541 1199 paullo
556 1127 694 1179 ventura
707 1116 850 1198 pericula
863 1117 987 1180 sentis?

232 1217 320 1280 Nam
334 1227 391 1279 tua
405 1236 455 1278 res
470 1217 584 1298 agitur,
599 1215 703 1297 paries
716 1234 795 1277 cum
809 1216 977 1297 proximus
991 1217 1088 1296 ardet,

233 1316 277 1380 Et
291 1315 438 1397 neglecta
452 1315 557 1376 solent
571 1314 722 1376 incendia
736 1333 863 1376 sumere
877 1315 970 1378 vires.
1212 1317 1253 1379 85
1351 1322 1352 1391 l

234 1415 348 1478 Dulcis
363 1414 537 1496 inexpertis
551 1413 679 1475 cultura
695 1414 832 1495 potentis
847 1415 962 1496 amici,

233 1514 397 1597 Expertus
412 1513 535 1574 metuit.
580 1512 646 1592 Tu,
662 1511 743 1575 dum
758 1523 816 1574 tua
830 1515 926 1576 navis
940 1515 975 1576 in
990 1515 1055 1577 alto
1068 1525 1127 1594 est,

233 1615 304 1676 Hoo
319 1633 388 1694 age,
404 1632 445 1674 ne
460 1621 586 1674 mutata
600 1622 773 1675 retrorsum
786 1623 818 1675 te
833 1611 914 1675 serat
927 1633 1016 1692 aura.

234 1711 381 1775 Oderunt
395 1711 532 1774 hilarem
546 1712 651 1774 tristes
667 1712 855 1793 tristemque
865 1713 975 1795 jocosi,

233 1810 392 1874 Sedatum
405 1809 532 1890 celeres,
549 1810 668 1892 agilem
682 1829 894 1893 gnavumque
907 1812 1040 1890 remissi,
1212 1814 1254 1876 9⁰
1353 1802 1354 1813 ¹

234 1909 362 1972 Potores
378 1909 480 1972 bibuli
494 1908 602 1972 media
616 1908 657 1970 de
671 1920 765 1971 nocte
780 1909 912 1972 Falerni

233 2007 381 2072 Oderunt
394 2017 538 2091 porrecta
553 2017 730 2090 negantem
743 2007 868 2090 pocula,
884 2009 1036 2090 quamvis

233 2107 414 2171 Nocturnos
424 2109 512 2193 jures
527 2118 558 2171 te
572 2106 744 2171 formidare
756 2127 901 2190 vapores.

233 2207 336 2270 Deme
352 2208 521 2289 supercilio
535 2206 676 2271 nubemr
698 2207 888 2289 plerumque
903 2206 1067 2269 modestus

234 2305 381 2388 Occupat
395 2305 521 2368 obscuri
536 2306 684 2389 speciem,
701 2306 881 2369 taciturnus
896 2306 1011 2369 acerbi.
1210 2307 1252 2369 95

233 2404 321 2467 inter
334 2414 454 2468 cuncta
468 2405 556 2487 leges
570 2416 602 2467 et
615 2407 841 2488 pencontabere
855 2404 975 2485 doctos,

233 2504 313 2570 Qua
327 2503 449 2567 ratione
464 2524 565 2585 queas
581 2504 747 2567 traducere
762 2505 874 2567 leuiter
888 2524 1026 2585 aevum;

234 2602 322 2665 Num
338 2612 368 2665 te
383 2624 507 2687 semper
521 2604 613 2685 inops
628 2604 728 2686 agitet
740 2615 903 2686 vexetque
916 2602 1044 2687 cupido,

233 2699 324 2765 Num
338 2720 437 2783 pavor
451 2712 484 2764 et
497 2722 605 2765 rernm
619 2702 819 2766 mediocriter
832 2704 963 2765 utilium
977 2722 1068 2785 spes:

233 2800 392 2863 Virtutem
406 2800 550 2864 doctrina
564 2812 653 2884 paret
667 2812 827 2865 naturane
841 2801 956 2883 donet3
1192 2804 1252 2866 100

234 2899 326 2968 Quid
341 2900 468 2963 minuat
481 2920 585 2981 curas,
601 2900 680 2983 quid
697 2911 727 2963 te
742 2902 800 2964 tibi
814 2901 927 2963 reddat
941 2902 1103 2964 amicum:

233 2998 325 3069 Quid
340 3019 417 3082 pure
433 3001 627 3083 tranquillet,
643 3001 747 3064 honos
761 3021 805 3064 an
820 2999 916 3064 dulce
931 3000 1103 3064 lucellum:

233 3098 287 3161 An
303 3109 462 3161 secretum
476 3100 534 3162 iter
548 3110 580 3162 et
594 3099 736 3163 fallentis
750 3100 866 3162 semita
879 3100 974 3162 vitae.

233 3196 288 3261 Me
303 3197 428 3277 quoties
443 3198 545 3260 reficit
558 3197 685 3279 gelidus
702 3198 854 3280 Digentia
869 3198 967 3277 rivus,

233 3295 345 3365 Quem
361 3294 515 3358 Mandela
530 3296 617 3377 bibit,
633 3317 770 3380 rugosus
786 3297 899 3380 frigore
914 3316 1027 3380 pagus,
1191 3298 1251 3359 lttn

234 3393 327 3463 Quid
342 3396 458 3457 sentire
472 3405 577 3476 putas,
592 3397 673 3478 quid
688 3397 800 3476 credis,
816 3397 927 3478 amice,
946 3391 1091 3478 precarii

235 3493 283 3558 sit
297 3494 387 3574 mibi,
403 3494 490 3575 quod
505 3514 593 3559 nunc
608 3505 665 3575 est,
680 3496 779 3558 etiam
794 3495 912 3575 minus,
928 3504 960 3557 et
974 3494 1056 3557 mihi
1070 3493 1182 3555 vivam

295 3722 336 3773 87.
353 3732 460 3785 metuet3
477 3734 577 3774 metuat.
645 3726 684 3775 93.
704 3734 804 3787 tepores.
871 3726 911 3776 98.
930 3724 970 3775 Ne
983 3734 1015 3773 te.
1083 3726 1123 3775 99.
1142 3723 1192 3773 rte.
