2742 4250
632 242 831 293 UARMOEUM

352 398 426 463 Non
441 399 543 463 incisa
556 400 641 463 notis
655 418 817 464 marmora
830 401 976 483 publicis,

351 500 411 562 Per
425 517 509 582 quae
524 500 654 582 spiritus
668 511 702 563 et
715 502 783 564 vita
797 502 879 563 redit
892 502 985 565 bonis

352 600 428 662 Post
442 610 578 662 mortem
591 598 739 679 ducibus,
754 620 820 662 non
834 600 953 665 celeres
967 600 1065 683 fugae

349 700 563 783 Rejectaeque
578 710 749 762 retrorsum
764 700 959 763 Hannibalis
973 702 1090 781 minae,

352 800 425 864 Non
441 798 590 861 incendia
605 798 810 881 Carthaginis
824 799 943 882 impiae

352 900 442 983 Ejus
458 900 515 980 qui
530 898 650 961 domita
666 919 785 962 nomen
800 902 843 964 ab
858 899 967 965 Africa

352 999 514 1062 Lucratus
529 998 629 1079 rediit,
645 1000 764 1062 clarius
779 1000 924 1063 indicant

351 1099 490 1183 Laudes,
506 1119 608 1181 quam
624 1099 781 1162 Calabrae
796 1100 956 1173 Pierides:
978 1121 1094 1184 neque,

351 1200 387 1264 Si
401 1200 531 1262 chartae
547 1200 662 1262 sileant
675 1198 764 1281 quod
778 1200 860 1263 bene
874 1200 994 1281 seceris,

353 1298 536 1363 Mercedem
550 1299 668 1362 tuleris.
713 1299 808 1369 Quid
823 1299 903 1363 soret
917 1301 996 1364 Iliae

353 1398 572 1481 Mavortisque
586 1418 673 1481 puer,
690 1400 717 1462 si
733 1400 933 1463 taciturnitas

352 1498 502 1561 Obstaret
516 1500 636 1562 meritis
651 1499 762 1562 invida
776 1500 934 1563 Remuli?

354 1598 512 1681 Ereptum
526 1598 648 1681 Stygiis
662 1597 816 1663 fluctibus
831 1601 976 1664 Aeacum

353 1698 462 1760 Virtus
476 1708 509 1761 et
523 1698 613 1761 favor
627 1708 659 1762 et
674 1699 786 1787 lingua
802 1701 980 1781 potentium

354 1798 475 1860 Vatum
490 1797 644 1863 divitibus
659 1810 824 1863 consecrat
839 1800 963 1863 insulis

354 1898 502 1980 Dignum
515 1898 612 1962 laude
628 1900 732 1962 virum
750 1900 847 1962 Musa
861 1910 949 1962 vetat
964 1900 1040 1962 mori
1055 1921 1063 1981 ;

354 1999 451 2062 Coelo
467 2000 566 2063 Musa
583 2000 662 2062 beat.
706 2000 761 2063 Sic
775 2000 866 2063 Jovis
881 2000 1010 2062 interest

354 2098 481 2183 Optatis
496 2099 598 2182 epulis
613 2098 747 2182 impiger
762 2100 935 2164 Hercules:

354 2200 488 2262 Clarum
503 2199 715 2282 Tyndaridae
731 2199 821 2263 sidus
836 2201 878 2262 ab
893 2199 1014 2262 infimis

354 2301 504 2368 Quassas
519 2299 658 2382 eripiunt
672 2301 866 2381 aequoribus
881 2310 984 2364 rates:

353 2398 495 2461 Ornatus
511 2399 604 2462 viridi
620 2410 761 2482 tempora
775 2400 927 2483 pampino

354 2498 454 2563 Liber
466 2509 538 2563 vota
552 2501 652 2564 bonos
667 2499 757 2563 ducit
771 2498 814 2562 ad
828 2499 945 2562 exitus.

605 3061 785 3124 CARMEN
816 3062 872 3122 IX.

572 3261 630 3302 AD
667 3262 907 3304 Loarrurr·

421 3422 470 3488 Ne
484 3423 563 3486 forte
578 3424 691 3486 credas
706 3425 879 3503 interitura
895 3443 989 3505 quae,
1005 3484 1008 3492 ,
1063 3493 1067 3499 ,

419 3522 531 3606 Longe
547 3534 714 3587 sonantem
730 3533 827 3586 natus
841 3524 884 3587 ad
900 3521 1064 3602 Aufidum

511 3724 548 3774 1⁷.
566 3725 686 3786 impendia
700 3743 706 3782 ;
723 3724 893 3785 stipendiarie
904 3723 967 3787 conj.
