2742 4250
623 244 823 298 camuli

367 404 473 467 Paene
489 413 679 484 occupatam
694 401 901 466 seditionibus

365 501 494 566 Delevit
508 501 628 566 Urbem
644 502 756 564 Dacus
769 510 803 564 et
815 499 990 582 Aethiops3

408 602 470 664 Hic
485 601 589 687 classe
605 599 802 678 lennidatus,
817 598 872 662 ille

452 701 631 764 Missilibus
645 699 759 762 melior
772 699 907 780 sagittis.

367 899 524 963 Fecunda
538 898 652 980 culpae
668 897 800 960 saccula
812 897 944 979 nuptias

368 998 515 1062 Primum
529 997 740 1079 inquinavere
754 1007 788 1058 et
800 1015 905 1078 genus
919 1006 952 1059 et
966 995 1099 1077 domos,¹

410 1099 481 1162 Hoc
496 1097 583 1162 fonte
597 1097 743 1160 derivata
756 1095 867 1159 clades

451 1199 492 1261 ln
505 1197 643 1280 patriam
657 1196 880 1280 populumque
893 1194 1001 1258 fluxit
1196 1193 1235 1254 21
1240 1198 1249 1245 t

372 1385 480 1458 Motus
495 1394 600 1457 doceri
615 1394 736 1477 gaudet
750 1394 878 1457 Ionicos

328 1504 330 1509 '
371 1495 501 1557 Matura
516 1493 616 1576 virgo,
632 1504 664 1557 et
679 1493 812 1576 lingitur
826 1493 967 1574 artibus;

412 1593 486 1656 Jarn
502 1612 590 1655 nunc
605 1603 637 1656 et
651 1593 789 1656 incestos
804 1611 930 1656 amores

455 1693 506 1756 De
521 1704 628 1756 tenero
643 1693 817 1756 meditatur
830 1694 954 1776 ungui:

372 1892 450 1954 Mox
461 1892 603 1976 juniores
618 1893 743 1974 quaerit
757 1892 918 1955 adulteros

371 1991 458 2054 Inter
472 1992 577 2054 mariti
592 1992 679 2072 vina,
695 2012 801 2074 neque
816 1992 913 2076 eligit,

413 2091 475 2155 Oui
490 2090 587 2154 donet
603 2090 805 2175 impermissa
819 2093 936 2175 raptim

454 2190 590 2269 Gaudia,
608 2190 785 2254 luminibus
800 2192 946 2255 remotis:

371 2402 435 2467 Sed
446 2404 537 2487 jussa
552 2424 668 2484 coram,
684 2424 750 2467 non
766 2406 835 2467 sine
848 2406 977 2467 conscio

371 2500 481 2583 Surgit
496 2502 617 2581 marito,
634 2522 693 2566 seu
708 2515 803 2565 vocat
818 2504 942 2567 institor

411 2600 477 2663 Seu
493 2601 587 2663 navis
602 2602 768 2684 Hispanae
783 2603 942 2684 magister,

453 2698 655 2764 Dedecorum
671 2702 828 2783 pretiosus
844 2713 974 2785 emptor.

370 2914 443 2978 Non
459 2915 510 2978 his
520 2918 676 2999 juventus
691 2928 760 2979 orta
774 2918 961 2999 parentibus

369 3012 484 3076 Infecit
498 3034 618 3096 aequor
633 3017 793 3097 sanguiue
808 3016 940 3095 Punico,

410 3113 636 3196 Pyrrhumque
651 3126 682 3177 et
697 3116 861 3197 ingentem
875 3116 990 3179 cecidit
1179 3197 1181 3200 Ι
1198 3112 1240 3174 35

453 3211 652 3276 Antiochum
667 3214 950 3297 Hannibalemque
965 3214 1090 3277 dirum:

371 3421 436 3487 Sed
450 3424 641 3488 rusticorum
657 3427 804 3489 mascula
818 3427 960 3490 militnm

373 3522 487 3603 Proles,
505 3523 641 3588 Sabellis
656 3524 751 3588 docta
766 3526 927 3608 ligonibus

301 3719 341 3771 232.
359 3723 471 3784 ortubus3
488 3721 611 3784 frangitur.
711 3724 752 3775 27.
770 3727 914 3775 intermissa.
1013 3725 1054 3774 ab.
1071 3723 1157 3773 durum
