2742 4250
489 279 601 329 irem
624 280 663 330 Π.
713 280 741 330 s.
766 279 820 330 ni
1084 262 1152 330 221

142 435 291 520 Nequitia
305 445 338 498 et
352 437 459 518 nugis,
474 454 648 518 pravorum
662 446 695 499 et
709 457 817 500 amore
832 436 1014 518 gemellum,

139 537 311 603 Luscinias
325 536 410 600 soliti
424 537 569 618 impenso
584 536 738 618 prandere
753 548 924 618 coemptae,
1093 537 1156 602 245

137 640 307 709 Quorsum
320 636 463 699 abeant?
485 636 588 698 sanin’
602 647 698 716 creta,
714 656 759 698 au
772 637 909 699 carbone
925 635 1081 700 norandit

136 737 320 802 Aedificare
333 755 437 815 casas,
453 735 600 817 plostello
614 735 789 819 adjungere
804 755 920 815 mures,

137 836 264 900 Ludere
280 856 339 918 par
353 836 466 916 impar,
481 836 626 917 equitare
640 835 675 897 in
689 835 850 898 arundine
867 835 971 918 longa,

137 938 172 1001 Si
184 957 288 1019 quem
302 935 440 998 delectet
453 936 633 1015 barbatum,
648 937 791 998 amentia
805 946 918 998 verset.

137 1037 171 1100 Si
185 1036 344 1118 puerilius
359 1034 411 1097 his
425 1035 506 1099 ratio
520 1055 591 1097 esse
605 1035 731 1098 evincet
746 1055 864 1114 amare,
1094 1037 1158 1100 250

138 1136 204 1199 Nec
219 1135 405 1217 quidquam
418 1135 552 1216 differre,
567 1146 718 1199 utrumne
733 1135 767 1197 in
783 1135 922 1218 pulvere,
938 1135 1052 1200 trimus

138 1234 248 1306 Quale
263 1234 361 1317 prius,
377 1233 474 1297 ludas
487 1253 577 1317 opus,
592 1253 636 1296 an
651 1235 825 1298 meretricis
840 1254 947 1298 amore

139 1333 304 1401 Sollicitus
319 1333 441 1415 plores3
464 1353 592 1415 quaero,
609 1333 752 1397 faciasne
766 1333 854 1416 quod
869 1334 947 1398 olim

139 1434 288 1498 Mutatus
303 1434 482 1497 Polemoni
504 1453 605 1516 ponas
620 1433 760 1516 insignia
775 1434 885 1514 morbi,

122 1532 316 1613 'Fasciolas
331 1532 463 1612 cubital,
479 1531 604 1612 focalia,
620 1542 715 1615 potus
730 1543 766 1596 ut
781 1533 834 1596 illo
1094 1535 1157 1598 255

140 1633 267 1696 Dicitur
280 1652 323 1695 ex
337 1630 421 1694 collo
434 1631 545 1695 furtim
560 1633 718 1715 cerpsisse
732 1652 875 1712 coronas,

140 1732 318 1813 Postquam
331 1742 381 1794 cst
395 1731 550 1814 impransi
563 1741 727 1813 correptus
743 1751 822 1794 voce
838 1732 1006 1814 magistril

142 1831 279 1914 Porrigis
294 1832 374 1893 irato
388 1850 487 1913 puero
500 1850 577 1894 cum
593 1850 697 1913 poma,
713 1841 858 1893 recusat:

138 1932 249 2011 Sume,
265 1930 396 2010 Catella
412 1940 527 2013 negat:
550 1930 577 1992 si
592 1950 657 1992 non
672 1929 739 2010 dee,
755 1941 852 2012 optat
896 1930 1032 1994 Amator

139 2030 308 2093 Exclusus
322 2037 380 2111 qul
395 2028 500 2108 distat,
516 2029 584 2111 agit
598 2029 653 2093 ubi
669 2048 789 2109 secum,
805 2038 857 2092 eat
872 2048 915 2091 an
930 2048 1003 2109 non,
1093 2029 1157 2094 260

139 2132 218 2201 Quo
234 2119 395 2193 rediturus
409 2139 477 2191 erat
491 2148 556 2191 non
571 2130 752 2209 arcessitus,
768 2140 800 2191 et
814 2129 924 2191 haeret

139 2229 260 2293 Invisis
275 2227 419 2292 foribusl
462 2227 531 2292 Nec
546 2247 643 2308 nunc,
658 2248 737 2291 cum
752 2249 804 2291 me
820 2239 914 2293 vocat
928 2230 1020 2310 ultro,

140 2328 331 2394 Accedamt
352 2348 396 2391 an
411 2328 517 2412 potius
532 2328 666 2391 mediter
680 2327 772 2391 finire
787 2328 934 2393 doloresl

138 2428 312 2510 Exclusit;
334 2439 482 2492 revocat:
504 2427 659 2492 redeam?
704 2427 786 2508 Non,
802 2428 830 2492 si
844 2429 995 2493 obsecret.
1033 2429 1121 2491 Ecce

137 2532 271 2609 Servus,
286 2548 353 2593 nou
367 2528 477 2610 paullo
491 2526 681 2611 sapientior:
705 2528 734 2591 O
750 2529 833 2608 here,
849 2548 999 2610 quaeres
1093 2530 1157 2593 265

138 2630 207 2694 Nec
224 2628 359 2691 modum
371 2628 472 2699 ‚habet
485 2646 591 2709 neque
605 2627 788 2705 consilium,
805 2628 925 2691 ratione
941 2628 1101 2709 modoque

138 2727 290 2792 'Praeteri
304 2745 370 2789 non
385 2724 465 2789 vult.
508 2726 548 2792 ln
562 2746 671 2789 amore
685 2726 767 2789 haec
782 2736 858 2789 sunt
872 2725 969 2804 mala,
985 2719 1113 2811 bellum,

138 2828 211 2892 Pax
226 2845 376 2891 rursum:
398 2826 481 2888 haec
495 2825 611 2908 siquis
627 2825 826 2907 tempestatis
840 2845 937 2909 prope
952 2826 1015 2889 ritu

137 2926 274 2992 Mobilis
288 2941 321 2989 et
333 2944 432 2988 caeca
447 2923 610 2989 fluitantia
624 2934 708 2988 sorte
724 2924 844 2987 laboret

138 3026 288 3091 Reddere
302 3035 390 3087 certa
404 3024 474 3103 sibi,
489 3024 592 3087 nihilo
606 3024 680 3106 plus
694 3023 841 3107 explicet,
857 3043 896 3085 ac
911 3024 939 3093 si
1094 3026 1157 3091 2701

138 3126 287 3190 lusanire
302 3134 392 3207 paret
405 3134 493 3187 certa
506 3123 628 3187 ratione
642 3122 811 3205 modoque.

139 3226 241 3306 Quid,
256 3244 335 3288 cnm
351 3224 477 3287 Picenis
491 3242 666 3305 excerpens
681 3222 806 3285 semina
820 3222 933 3305 pomis,

139 3325 282 3405 Gaudes,
298 3324 326 3389 si
339 3343 503 3387 cameram
517 3322 656 3406 percusti
670 3321 758 3402 forte,
772 3342 869 3404 penes
885 3333 916 3386 te
931 3322 990 3387 esl

140 3424 241 3506 Quil,
257 3444 337 3487 cum
350 3422 447 3487 balba
461 3422 536 3486 seris
550 3441 673 3485 annoso
688 3422 786 3485 verba
800 3422 916 3505 palato,

331 3667 388 3719 We
406 3668 624 3719 uuirt-uomit
690 3668 748 3717 259.
765 3676 841 3728 optet,
852 3666 968 3719 oretlr'es
1043 3725 1045 3729 ,

501 3747 558 3799 282.
577 3746 709 3809 Nenuuo3
725 3756 803 3798 nocet.
919 3802 922 3807 Α
