2742 4250
491 242 611 292 nmen.
662 241 692 293 c.
718 243 754 293 v.
1068 221 1138 298 14?-

243 404 330 467 Cum
345 400 539 486 promineret
553 419 614 480 ore,
630 410 793 481 quantum
809 409 939 464 exstant
954 419 1041 483 aqua
1097 401 1138 464 35

285 504 452 584 Suspenso
467 511 578 563 mento
591 519 744 583 corpora:

244 602 394 665 Exsucta
408 600 456 663 uti
471 599 617 663 medulla
632 608 664 662 et
679 598 806 662 aridum
816 600 908 683 jecur

287 700 415 764 Amoris
430 719 500 761 esse
515 697 682 780 poculum,

246 799 456 863 Interminato
470 817 548 860 cum
563 797 662 860 semel
679 797 766 860 fixae
780 797 853 861 cibo

288 897 509 962 Intabuissent
523 897 675 980 pupulae.

246 998 320 1062 Non
334 995 476 1060 defuisse
491 994 663 1059 masculae·
672 995 815 1058 libidinis

260 1156 265 1164 .
289 1097 528 1160 Ariminensem
544 1095 680 1175 Foliam,

246 1197 290 1260 Et
304 1197 406 1259 otiosa
421 1195 556 1259 credidit
570 1195 723 1278 Neapolis

288 1297 333 1360 Et
347 1316 443 1359 omne
458 1297 604 1358 vicinum
618 1296 783 1379 oppidum,

247 1398 347 1466 Quae
362 1396 469 1458 sidera
483 1406 659 1458 excantata
673 1415 753 1458 voce
768 1396 932 1459 Thessala
1103 1397 1142 1460 45

288 1496 487 1577 Lunamque
502 1495 591 1557 coelo
606 1495 730 1576 deripit.

246 1596 307 1659 Hic
322 1596 509 1659 inresectum
522 1615 623 1658 saera
637 1594 738 1657 dente
754 1594 853 1658 livido

289 1695 428 1758 Canidia
441 1694 558 1758 rodens
572 1695 730 1777 pollicem,
1082 1760 1083 1764 ,

247 1794 340 1865 Quid
355 1794 438 1858 dixit
453 1805 510 1857 aut
524 1795 604 1876 qnid
619 1796 745 1858 tacuit?
791 1802 808 1834 “
820 1794 859 1876 Ο,
874 1796 969 1858 rebus
985 1796 1065 1857 rucis

290 1894 365 1957 Non
380 1893 528 1956 infideles
543 1894 689 1975 arbitrae,
1103 1894 1144 1958 50

249 1993 324 2056 Nox
338 2003 372 2056 et
386 1994 504 2074 Diana,
520 2013 605 2076 qnae
620 1994 786 2057 silentium
801 1993 894 2076 regis,

290 2095 420 2157 Arcana
434 2113 511 2157 cum
527 2094 612 2157 fiunt
626 2113 729 2174 sacra,

248 2194 354 2274 Nunc,
369 2213 458 2256 nnnc
474 2194 594 2275 adeste,
604 2214 693 2257 nunc
709 2194 743 2257 in
757 2193 889 2257 hostiles
904 2192 1016 2256 domos

260 2356 263 2361 ,
292 2294 379 2356 lram
394 2303 494 2376 atque
509 2313 631 2357 numen
647 2294 782 2357 vertite!
891 2378 893 2380 ,

250 2391 480 2455 Formidolosis
494 2392 575 2456 dum
590 2393 692 2456 latent
706 2392 797 2456 silvis
806 2392 907 2473 -ferae,
1036 2412 1039 2419 ⁴
1101 2395 1142 2455 55

293 2491 390 2554 Dulci
405 2511 516 2574 sopore
532 2492 715 2574 languidae,

248 2591 376 2671 Senem,
391 2590 480 2673 quod
494 2611 606 2654 omnes
622 2591 754 2671 rideant,
773 2591 957 2654 adulterum

291 2689 425 2752 Latrent
439 2689 633 2754 Suburanae
647 2710 754 2771 canes,

250 2788 359 2853 Nardo
374 2800 575 2871 perunctum,
591 2789 688 2871 quale
703 2810 768 2853 non
783 2788 953 2873 perfectius

293 2888 387 2950 Meae
402 2887 575 2951 laborarint
589 2908 763 2951 manus.—
1101 2892 1143 2954 60

249 2985 342 3056 Quid
357 2987 500 3051 accidit?
521 3008 580 3051 cur
594 2989 664 3051 dira
677 2989 832 3053 barbarae
847 2990 956 3051 minus

293 3085 428 3150 Venena
443 3087 579 3151 Medeae
594 3088 730 3151 valenti

249 3186 383 3257 Quibus
398 3187 570 3269 superbam
585 3186 669 3269 sugit
682 3188 753 3250 ulta
768 3187 925 3270 pellicem,
939 3176 944 3183 ’

258 3300 264 3309 ·
294 3285 408 3368 Magni
423 3288 569 3349 Creontis
584 3286 696 3367 filiam,

249 3385 447 3468 Gumpalla,
463 3386 537 3448 tabo
553 3406 675 3449 munus
690 3387 859 3467 imbutum,
875 3406 996 3449 novam
1102 3387 1141 3450 65

294 3484 450 3548 lucendio
464 3495 602 3568 nuptam
616 3485 759 3548 abstulit.

223 3653 263 3703 8¹1.
280 3652 407 3714 Emeum
423 3666 524 3716 exnetn;
541 3664 645 3704 exsecta.
712 3654 751 3704 55.
770 3653 966 3715 Formidoloene3
982 3671 1047 3705 cour.

290 3734 331 3784 60,
348 3735 495 3785 laborarunt.
563 3735 603 3786 63.
621 3736 732 3797 superba.
801 3736 839 3783 65.
857 3734 980 3784 infectmrr.
