2742 4250
268 275 335 347 188
661 289 876 342 sarmium

304 452 442 530 Jamque
456 449 526 512 dies
540 447 660 528 aderat,
676 448 724 511 nil
738 468 815 511 cum
829 446 997 529 procedere
1012 446 1140 511 lintrem
1238 450 1281 511 2⁰
1350 433 1351 466 ³

303 549 487 614 Sentimus:
510 549 611 612 donec
627 550 811 612 cerebrosus
827 548 948 632 prosilit
964 567 1059 627 unuS,

307 651 354 712 Ae
367 647 477 712 mulae
491 659 675 729 nautaeque
690 657 788 730 eaput
803 647 995 729 lumbosque
1009 647 1134 730 saligno

304 751 406 814 Fuste
420 747 527 811 dolat:
549 758 665 829 quarta
679 747 737 810 vix
751 747 885 809 demum
900 747 1093 829 exponimur
1106 748 1189 818 hora

305 850 372 914 Ora
385 865 569 928 manusque
584 856 642 908 tua
656 846 807 926 lavimus,
823 847 971 926 Feronia,
987 846 1131 929 lympha.
1191 889 1196 900 ,

305 948 410 1012 Millia
424 955 495 1008 tum
509 945 619 1028 pransi
633 947 695 1006 tria
708 945 859 1028 repimuS,
876 957 974 1028 atque
989 946 1135 1008 subimus
1241 944 1283 1006 25

305 1047 498 1132 Impositum
512 1045 602 1110 saris
616 1044 680 1107 late
695 1044 908 1108 candentibus
923 1047 1048 1108 Anxur.

306 1149 382 1211 Huc
397 1155 554 1208 venturus
568 1152 636 1206 erat
651 1144 826 1207 Maecenas
839 1145 990 1227 optimus,
1005 1155 1101 1227 atque

306 1246 469 1326 Cocceius,
484 1243 575 1306 missi
589 1244 720 1326 magnis
735 1242 775 1306 de
789 1244 885 1307 rebus
899 1253 1033 1328 uterque

306 1345 430 1426 Legati,
446 1362 575 1406 aversos
590 1342 674 1404 soliti
689 1362 879 1426 componere
894 1343 1024 1407 amicos.

306 1445 369 1508 Hic
383 1443 485 1506 oculis
501 1461 560 1524 ego
574 1442 667 1524 nigra
682 1442 763 1504 meis
778 1442 913 1526 collyria
928 1442 1035 1525 lippus
1240 1441 1284 1504 30

307 1544 443 1606 lllinere.
487 1542 613 1606 Interea
627 1542 801 1604 Maecenas
816 1541 947 1604 advenit
961 1553 1059 1623 atque

308 1643 472 1721 Cocceius,
489 1641 668 1723 Capitoque
683 1640 781 1703 simul
797 1641 961 1721 Fonteius,
977 1641 1019 1703 ad
1034 1661 1180 1724 unguem

307 1743 431 1806 Faetus
445 1741 561 1821 homo;
584 1741 715 1820 Antoni,
731 1760 796 1802 non
812 1751 849 1803 ut
863 1742 967 1823 magis
982 1741 1069 1821 alter,
1085 1741 1220 1804 amicus·

307 1841 443 1905 Fundos
458 1840 590 1904 Aufidio
603 1840 711 1904 Lusco
726 1852 867 1924 praetore
882 1841 1015 1904 libenter

307 1941 513 2022 Linquimus,
529 1940 637 2003 insani
651 1939 790 2003 ridentes
805 1941 948 2023 praemia
963 1941 1094 2020 scribae,
1243 1941 1286 2004 35

309 2041 514 2104 Praetextam
528 2050 560 2102 et
574 2040 679 2102 latum
693 2040 825 2102 olavum
839 2059 1026 2122 prunaeque
1040 2039 1199 2103 batillum.

309 2143 349 2204 In
364 2141 605 2204 Mamurrarum
619 2140 697 2203 lassi
712 2140 828 2203 deinde
844 2141 922 2204 urbe
937 2160 1117 2220 manemus

308 2241 447 2304 Murena
461 2240 631 2323 praebente
645 2239 790 2321 domum,
806 2241 963 2325 Capitone
978 2241 1132 2304 culinam.

313 2341 440 2403 Postera
456 2340 515 2401 lux
530 2339 628 2402 oritur
642 2340 745 2403 multo
761 2341 961 2423 gratissima3
984 2360 1126 2421 namque

314 2439 434 2503 Plotius
449 2450 480 2501 et
495 2440 611 2503 Varius
626 2440 801 2503 Sinuessae
816 2440 1033 2523 virgiliusque
1244 2439 1286 2502 40

210 2531 216 2547 ’
309 2540 500 2618 Occurrunt,
515 2538 652 2618 animae,
668 2538 782 2619 quales
798 2559 903 2621 neque
918 2538 1119 2601 candidiores

309 2638 413 2702 'l'erra
427 2637 509 2717 tulit,
524 2657 630 2718 neque
645 2648 719 2719 quls
735 2658 786 2700 me
802 2639 843 2700 sit
857 2638 1034 2701 devinctior
1048 2637 1136 2700 alter.

310 2736 341 2800 0
356 2737 414 2818 qui
428 2736 618 2820 complexus
633 2748 664 2799 et
679 2737 799 2819 gaudia
814 2748 938 2819 quanta
952 2735 1100 2801 fuerunt!

311 2836 367 2901 Nil
381 2856 441 2918 ego
455 2835 644 2899 contulerim
655 2836 802 2920 jucundo
817 2856 917 2899 sanus
932 2837 1045 2899 amico.

310 2936 464 3000 Proxima
478 2935 648 3018 Campano
661 2936 750 3018 ponti
765 2956 849 3017 quae
864 2936 987 3016 villula,
1004 2945 1125 2998 tectum
1246 2936 1286 2999 45

312 3036 470 3115 Praebuit,
486 3044 518 3097 et
531 3035 670 3117 parochi,
687 3054 772 3116 quae
787 3035 912 3111 debent,
928 3035 1017 3117 ligna
1032 3036 1207 3117 salemque.

310 3136 397 3199 Hinc
412 3136 493 3198 muli
508 3136 641 3218 Capuae
655 3134 791 3198 clitellas
807 3146 946 3217 tempore
960 3145 1092 3217 ponunt.

311 3236 439 3299 Lusum
454 3236 478 3297 it
494 3234 686 3316 Maecenas3
710 3234 884 3298 dormitum
898 3254 958 3317 ego
974 3234 1207 3316 virgiliusque:

312 3334 462 3415 Namque
476 3333 542 3415 pila
557 3332 651 3417 lippis
665 3334 835 3397 inimicum
849 3344 881 3397 et
894 3333 1003 3395 ludere
1018 3332 1134 3396 crudis.

313 3433 398 3496 Hinc
414 3452 473 3495 nos
488 3433 615 3495 Cocceii
629 3432 740 3515 recipit
754 3432 941 3516 plenissima
956 3433 1043 3512 villa,
1246 3436 1286 3497 riti

313 3534 411 3602 Quae
427 3544 585 3616 superest
600 3532 897 3615 Caudtcauponas.
934 3532 1030 3595 Nunc
1047 3530 1126 3594 mihi
1141 3532 1257 3614 paucis

635 3778 669 3826 24
694 3776 803 3834 lenimur,
815 3776 845 3825 de
857 3778 919 3842 conj.
