2742 4250
486 281 597 331 umus
619 281 660 333 11.
710 283 738 333 s.
764 283 803 332 11.
1075 269 1146 339 209

121 439 177 504 Ne
192 438 310 502 bibens
324 436 440 501 diluta.
484 438 577 502 Foris
591 449 640 502 est
653 460 794 522 promus,
810 451 842 504 et
857 450 964 504 atrum

121 537 316 602 Defendens
331 539 435 622 pisces
449 538 572 625 hiemat
585 559 693 605 mare:
715 560 793 604 cum
808 541 875 603 sale
889 543 983 624 panis

120 639 317 702 Latrantem
332 637 539 700 stomachum
553 639 634 701 bene
649 639 756 702 leniet.
799 640 895 704 Unde
910 652 1006 724 putas
1020 651 1078 704 aut

120 740 199 808 Qut
214 737 367 819 partumi
411 737 486 800 Nou
500 738 535 800 in
548 758 624 800 caro
638 739 750 802 nidore
765 740 915 823 voluptas

4 850 7 923 ἑ
120 839 276 916 Summa,
292 838 348 899 sed
363 837 398 900 in
413 847 444 900 te
459 836 528 920 ipso
542 847 599 900 est
644 839 702 902 Tu
716 838 931 922 pulmentaria
945 860 1063 922 quaere
1106 843 1147 905 20

120 935 305 1001 Sudando:
330 937 485 1020 pinguem
498 938 586 1000 vitiis
600 937 779 1021 albumque
793 957 898 1021 neque
913 951 1017 1002 ostrea

4 1080 5 1083 κ
123 1036 161 1100 N
162 1056 201 1100 ec
216 1055 329 1098 scarus
343 1046 401 1098 aut
414 1037 528 1119 poterit
541 1038 708 1119 peregrina
718 1039 834 1121 juvare
849 1039 960 1120 lagois,

123 1137 193 1200 Vix
209 1147 319 1198 tamen
333 1137 475 1218 eripiam,
491 1137 593 1218 posito
607 1156 734 1219 pavone
749 1137 830 1200 velis
845 1139 925 1219 quin
998 1192 1001 1198 .

121 1238 199 1298 Hoc
214 1237 330 1318 potius,
346 1255 447 1317 quam
456 1235 706 1320 gaiiiuatorgcre
721 1237 876 1320 palatum,

4 1390 6 1407 ,
122 1337 306 1417 Corruptus
322 1335 416 1396 vanis
431 1355 546 1415 rerum,
561 1336 640 1418 quia
654 1347 772 1399 veneat
786 1356 865 1400 auro
1106 1339 1148 1402 25

125 1435 219 1499 Rara
232 1434 304 1496 avis
318 1444 351 1496 et
365 1434 451 1516 picta
465 1435 587 1516 pandat
602 1437 788 1518 spectacula
802 1436 926 1501 cauda:

3 1545 9 1565 '
123 1535 308 1615 Tanquam
320 1533 362 1595 ad
377 1553 445 1596 rem
455 1535 589 1597 attineat
599 1534 790 1616 quidquam.
828 1536 919 1600 Num
929 1542 1066 1600 vesceris
1077 1537 1147 1618 ista,

3 2742 12 2805 i

3 3719 6 3814 i

124 1635 244 1714 Quam
259 1632 383 1712 laudas,
398 1631 534 1714 pluma?
556 1644 647 1696 cocto
660 1653 743 1697 num
758 1634 849 1698 adest
863 1636 965 1698 honor
979 1635 1090 1699 idern?

125 1737 236 1798 Carne
251 1744 361 1796 tamen
375 1735 527 1815 quamvis
541 1733 648 1814 distat,
663 1735 710 1797 nil
725 1736 788 1798 hac
803 1736 908 1818 magis
923 1736 987 1816 iila,

124 1835 312 1917 Imparibus
327 1832 437 1895 formis
452 1832 624 1916 deceptum
638 1845 669 1896 te
683 1845 781 1916 patet.
825 1835 924 1898 Esto:
1105 1835 1147 1898 30

125 1934 225 1998 Unde
241 1933 357 1996 datum
370 1933 478 2012 sentis
495 1933 591 2015 lupus
606 1934 660 1996 hic
676 1934 849 1998 Tiberinus
864 1953 907 1996 an
922 1934 987 1996 aito

126 2036 255 2117 Captus
269 2034 344 2113 hiet,
361 2043 514 2115 pontesne
528 2035 610 2097 inter
619 2036 762 2119 jactatus
777 2055 820 2098 an
835 2035 941 2098 amnis
1001 2107 1005 2112 ,

127 2136 223 2199 Ostia
238 2136 301 2197 sub
314 2134 442 2197 Tusci?
485 2134 628 2215 Laudas,
644 2136 767 2217 insane,
784 2136 937 2199 trilibrem

127 2235 282 2314 Mullum,
297 2235 331 2296 in
346 2234 475 2317 singula
489 2255 589 2316 quem
602 2236 733 2299 minuas
748 2236 916 2319 pulmenta
931 2254 1061 2298 necesse
1075 2246 1148 2319 est..

128 2335 230 2398 Ducit
245 2344 276 2397 te
292 2335 423 2417 specics,
439 2333 550 2398 video:
573 2356 640 2417 quo
655 2336 791 2417 pertinet
805 2356 888 2418 ergo,
1104 2335 1146 2397 35

129 2437 280 2498 Procerus
294 2434 400 2497 odisse
414 2433 532 2517 lupos?
575 2436 667 2506 Quia
682 2435 804 2499 scilicet
817 2435 881 2499 iilis

95 2604 101 2614 ,
127 2536 285 2617 Majore'm
299 2545 416 2596 natura
431 2532 566 2597 modum
581 2534 677 2616 dedit,
693 2536 745 2599 his
760 2536 855 2599 breve
869 2534 1005 2617 pondus.

128 2635 265 2718 Jejunus
279 2654 350 2697 raro
363 2636 552 2698 stomachus
565 2635 715 2717 vulgaria
731 2635 853 2699 temnit
880 2642 883 2649 '

127 2735 315 2797 Porrectum
330 2754 450 2817 magno
464 2754 623 2818 magnum
637 2746 780 2819 spectare
794 2736 901 2798 catino

123 2817 262 2913 Vellem,
274 2834 320 2896 ait
334 2834 490 2917 Harpyiis
504 2834 583 2917 gula
597 2834 697 2918 digna
711 2836 891 2917 rapacibus.
935 2836 979 2896 At
993 2852 1059 2913 voe,
1103 2833 1146 2896 40

127 2934 317 2996 Praesentes
332 2935 452 3015 Austri,
466 2935 595 3016 coquite
610 2936 727 2999 horum
741 2935 893 2999 obsonia!
928 2935 1132 3015 Quanquam

128 3033 225 3097 Putet
239 3053 317 3115 aper
331 3033 551 3115 rhombusque
566 3054 685 3115 recens,
701 3034 790 3097 mala
804 3034 896 3117 copia
910 3032 1042 3115 quando

128 3134 273 3213 Aegrum
287 3132 438 3196 sollicitat
452 3134 666 3214 stomachum,
681 3154 759 3197 curn
775 3135 887 3217 rapula
900 3134 1016 3217 plenus

128 3233 235 3314 Atque
249 3232 361 3295 acidas
376 3232 504 3295 mavult
519 3234 636 3297 inulas.
680 3234 831 3298 Necdum
844 3236 949 3299 omnis
965 3236 1080 3298 abacta

129 3332 302 3414 Pauperies
317 3332 421 3415 epulis
436 3354 569 3415 regum:
592 3354 671 3396 unm
685 3334 804 3397 vilibus
818 3336 889 3401 ovis
1109 3334 1145 3397 tu

130 3431 300 3515 Nigrisque
315 3443 363 3494 est
377 3433 456 3495 oleis
470 3433 565 3496 hodie
581 3434 679 3502 iocus.
725 3434 824 3496 Haud
841 3436 883 3496 ita
898 3434 1021 3517 pridem

191 3664 234 3721 29,
244 3664 285 3713 30.
303 3663 384 3712 Carne
396 3673 478 3713 tamen
490 3665 600 3725 quamvis
611 3664 684 3713 distet
695 3666 739 3722 nil,
749 3664 796 3713 hac
808 3666 887 3725 magis
898 3664 966 3713 iiiam

304 3743 440 3808 Impuribus
450 3744 533 3795 fonnis
544 3745 672 3808 deceptum
683 3755 707 3794 te
718 3746 814 3809 petere!
849 3746 920 3795 Esto:
942 3744 1057 3795 Orelli-a
