2742 4250
430 275 541 325 eman
566 275 619 325 111.
670 276 701 326 e.
726 276 815 327 xxx.
1058 259 1129 329 lla

236 434 371 500 Addant
385 453 485 496 avaro
499 432 628 496 divitias
643 433 734 496 mari.

236 536 337 601 Tunc
353 554 413 613 rna,
429 533 558 596 biremis
572 532 732 615 praesidio
747 534 887 616 scaphae

280 635 418 713 Tutum,
434 652 490 715 per
504 634 651 715 Aegaeos
665 633 826 696 tumultus

322 736 412 797 Aura
427 734 505 798 feret
519 734 733 817 geminusque
748 733 867 797 Pollux

468 1293 648 1355 OARMEN
676 1292 777 1353 XXX.

425 1493 476 1535 ΔΙ)
510 1492 823 1537 MELPOMENEN.

231 1674 337 1756 Exegi
352 1683 603 1736 monumentum
617 1692 691 1735 aere
705 1672 885 1755 perenniue

229 1774 408 1856 Regalique
423 1773 489 1835 situ
502 1771 713 1854 pyramidum
727 1772 845 1849 altius3

229 1872 330 1943 Quod
345 1892 411 1934 non
427 1872 527 1936 imber
542 1872 636 1952 edax,
652 1891 718 1935 non
733 1872 852 1953 Aquilo
867 1872 1025 1954 impotens

229 1974 332 2036 Possit
347 1971 479 2050 diruere,
495 1982 553 2034 aut
568 1971 814 2035 innumerabilis

228 2073 397 2136 Annorum
413 2071 509 2134 series
524 2081 556 2134 et
570 2070 650 2154 fuga
665 2081 855 2154 temporum.

229 2172 303 2237 Non·
316 2172 422 2234 omnis
437 2173 553 2234 moriar
567 2173 736 2254 multaque
750 2190 823 2253 pars
838 2172 904 2235 mei

228 2271 347 2335 Vitabit
361 2272 558 2335 Libitinam:
581 2292 685 2354 usqne
701 2291 760 2355 ego
775 2281 902 2355 postera

227 2373 379 2435 Oreseam
393 2370 491 2434 laude
505 2392 624 2451 recena,
640 2371 721 2435 dum
735 2373 934 2455 Capitolium

228 2471 369 2534 Scandet
383 2492 461 2535 cum
476 2472 575 2535 tacita
591 2472 723 2554 Virgine
737 2471 891 2554 pontifex.

227 2571 334 2652 Dicar,
349 2591 416 2653 qua
429 2570 553 2634 violens
568 2571 720 2654 obstrepit
733 2571 875 2635 Aufidus
1090 2574 1128 2636 10

226 2670 270 2733 Et
284 2690 351 2752 qua
365 2690 488 2752 pauper
502 2690 608 2753 aquae
624 2672 766 2736 Daunus
781 2672 958 2754 agrestium

227 2771 388 2854 Regnavit
402 2769 602 2852 populorum,
619 2791 661 2834 ex
677 2772 793 2834 humili
808 2781 921 2854 potens

227 2869 380 2951 Princeps
394 2870 544 2932 Aeolium
556 2890 690 2935 carmen
705 2868 749 2934 ad
764 2871 863 2934 Italos

226 2969 410 3032 Deduxisse
425 2969 547 3033 modos,
591 2971 693 3034 Sume
708 2971 892 3054 superbiam

226 3069 420 3138 Quaesitam
435 3070 565 3150 mentia,
580 3079 612 3132 et
626 3070 708 3133 mihi
723 3070 883 3153 Delphica
1089 3070 1125 3134 15

227 3169 335 3232 Lauro
349 3169 442 3252 cinge
458 3169 579 3250 volem,
595 3169 808 3254 Melpomene,
823 3190 960 3234 comam.

231 3367 271 3420 ἃ.
288 3368 362 3420 Tum.
467 3355 510 3422 ν64.
527 3370 595 3422 terat.
704 3371 799 3422 um.
814 3372 853 3421 12.
871 3369 1001 3434 Regnator.
