2742 4250
579 556 793 618 EPISTOLA
828 557 872 616 II.

566 771 619 812 un
650 771 890 814 nonerunt.

259 947 390 1032 Trojani
405 946 481 1010 belli
496 947 689 1030 scriptorem,
705 948 849 1011 maxime
863 948 958 1030 Lolli,

218 1049 305 1110 Dum
320 1059 357 1111 tu
371 1046 537 1110 declamas
552 1047 685 1128 Romae,
704 1049 873 1111 Praeneste
888 1048 1004 1132 relegi:

215 1147 294 1225 Qui,
309 1146 388 1228 quid
405 1146 446 1208 sit
459 1144 642 1228 pulchrum,
657 1146 737 1229 quid
752 1157 853 1230 turpe,
868 1147 948 1229 quid
964 1148 1051 1226 utile,
1064 1145 1143 1230 quid
1159 1167 1232 1229 uon

215 1246 351 1310 Planius
366 1266 405 1308 ae
420 1246 537 1309 melius
553 1246 735 1330 Chrysippo
749 1257 782 1310 et
796 1248 952 1310 Crantore
967 1246 1054 1310 dicit.

215 1345 282 1408 Cur
296 1345 342 1407 ita
356 1343 553 1424 crediderim,
569 1345 631 1408 uisi
646 1345 727 1429 quid
743 1357 773 1408 te
788 1345 918 1426 detinet,
934 1345 1021 1408 audi.
1215 1348 1233 1409 5

215 1443 352 1523 Pabula,
367 1464 433 1526 qua
448 1444 574 1507 Paridis
588 1456 714 1528 propter
727 1457 876 1509 narratur
890 1466 1034 1508 amorem
1348 1434 1349 1441 ἵ

216 1543 352 1606 Graecia
365 1544 532 1606 barbariae
547 1543 634 1606 lento
649 1545 763 1608 collisa
777 1545 894 1624 duello,

215 1642 394 1706 Stultorum
409 1663 522 1724 regum
536 1653 568 1704 et
583 1643 775 1725 populorum
788 1645 931 1707 continet
946 1654 1063 1707 aestus

217 1741 360 1804 Antenor
374 1753 483 1804 censet
498 1740 572 1804 belli
587 1742 769 1824 praecidere
783 1763 939 1806 causam:

216 1841 308 1911 Quid
324 1841 439 1904 Paris?
483 1842 527 1905 Ut
543 1843 654 1904 salvus
671 1853 782 1925 regnet
797 1844 951 1930 vivatque
966 1844 1091 1922 beatus,
1197 1843 1235 1906 lll
1268 1850 1271 1854 '

216 1941 296 2023 Cogi
311 1959 404 2023 posse
419 1952 525 2022 negat.
569 1941 685 2005 Nestor
699 1962 888 2026 componere
904 1943 975 2005 lites
1348 1956 1349 1961 ’

218 2041 304 2104 lnter
316 2040 450 2110 Peliden
466 2041 596 2104 festinat
611 2052 642 2104 et
656 2042 738 2104 inter
752 2042 905 2105 Atriden:

216 2142 315 2204 Hunc
330 2161 428 2219 amor,
445 2142 491 2203 ira
505 2141 637 2223 quidem
652 2144 867 2206 communiter
881 2143 944 2205 urit
958 2153 1142 2225 utrumque.

216 2240 388 2322 Quidquid
404 2240 541 2303 delirant
556 2262 654 2324 reges,
670 2243 855 2325 plectuntur
870 2243 996 2307 Achivi.
1348 2325 1349 2328 Ἴ

216 2338 388 2419 Seditione,
404 2339 494 2421 dolis,
510 2341 627 2403 scelere
642 2352 741 2423 atque
756 2341 889 2406 libidine
903 2353 935 2406 et
949 2343 996 2406 ira
1048 2404 1052 2409 .
1196 2344 1235 2406 15
1348 2335 1349 2384 l

218 2440 332 2503 Iliacos
348 2441 431 2504 intra
446 2460 555 2502 muros
570 2452 722 2524 peccatur
736 2452 768 2505 et
782 2454 882 2506 extra
1348 2459 1349 2466 ’

217 2537 352 2622 Rursus,
368 2540 448 2623 quid
463 2540 565 2603 virtus
579 2553 611 2604 et
625 2542 705 2623 quid
721 2543 879 2625 sapientia
893 2544 1001 2626 possit,
1150 2556 1155 2562 ·

219 2638 303 2704 Utile
317 2642 482 2723 proposuit
497 2642 589 2704 nobis
604 2641 771 2724 exemplar
785 2642 915 2722 Ulixen,
1029 2644 1031 2650 '
1081 2635 1085 2641 ⁵

220 2738 287 2808 uui
301 2738 438 2801 domitor
452 2738 578 2823 Trojae,
594 2740 772 2804 multorum
786 2741 941 2824 providus
956 2742 1075 2804 urbes·
1152 2770 1156 2776 ·
1348 2809 1349 2816 ,

219 2828 262 2901 Et
276 2858 378 2901 mores
394 2839 564 2901 hominum
580 2840 729 2921 inspexit,
745 2839 914 2921 latumque
928 2860 984 2923 per
998 2859 1125 2922 aequor,
1194 2838 1237 2903 20
1348 2845 1349 2850 ’

219 2938 307 3001 Dum
323 2938 391 3017 s'ibi,
408 2938 487 3000 dum
503 2938 596 3001 sociis
612 2937 751 3001 reditum
766 2949 866 3028 parat,
882 2959 995 3021 aspera
1008 2937 1110 3004 multa

218 3037 359 3116 Pertulit,
375 3037 519 3099 adversis
535 3058 640 3100 rerum
656 3038 881 3101 immersabilis
896 3037 1002 3101 undis.

217 3138 368 3201 Sirenum
383 3156 478 3199 voces
493 3147 525 3199 et
539 3138 652 3199 Circae
667 3138 785 3219 pocula
799 3138 883 3201 nosti
895 3158 903 3220 ;

217 3238 315 3306 Quae
330 3256 357 3298 sr
372 3255 449 3297 cum
464 3236 558 3298 sociis
573 3236 692 3298 stultus
707 3237 910 3319 cupidusque
924 3237 1063 3317 bibisset,

218 3336 288 3399 Sub
302 3334 434 3425 domina
449 3336 611 3399 meretrice
627 3335 740 3399 fuisset
755 3337 856 3419 turpis
871 3346 903 3400 et
917 3356 1038 3417 excors,
1197 3338 1237 3401 25

219 3433 359 3496 Vixisset
373 3434 464 3496 canis
480 3433 670 3498 immundus
684 3436 737 3498 vel
753 3437 860 3499 amica
875 3436 944 3499 luto
958 3456 1023 3499 sus.

220 3532 285 3599 Nos
300 3553 456 3597 numerus
471 3553 595 3617 sumus,
612 3546 644 3598 et
658 3534 769 3619 fruges
783 3555 973 3599 consumere
987 3535 1064 3615 nati,

433 3749 499 3799 Edi.
512 3750 535 3797 4.
554 3750 659 3800 Plenius.
729 3751 765 3799 10.
789 3750 856 3810 Quod
870 3750 945 3809 Parta,
955 3760 1022 3803 uim
