2742 4250
499 258 748 309 fflffistv

504 527 685 590 CARMEN
715 522 774 589 1v.

289 736 392 819 Lupis
406 746 439 799 et
452 736 547 817 agnis
561 741 686 816 quauta
700 734 809 798 sortito
823 734 947 818 obtigit,

332 837 463 899 Tecum
476 834 559 897 mibi
572 832 734 900 umorum
747 842 804 913 est,

290 934 449 1017 Hibericis
463 942 592 1017 peruste
605 932 740 996 funibus
754 932 848 1013 latus,

332 1034 378 1097 Et
391 1052 487 1097 crura
500 1032 583 1095 dura
597 1032 761 1115 compede.

293 1134 384 1197 Licet
399 1133 556 1216 superbus
570 1131 718 1195 ambules
732 1132 880 1215 pecunia,
1132 1132 1151 1195 b

334 1234 481 1297 Fortuna
494 1252 560 1295 non
575 1242 682 1295 mutat
698 1252 810 1315 genua.

292 1332 440 1412 Videsne,
455 1332 590 1395 Sacram
604 1330 756 1399 metiente
771 1340 802 1394 te
817 1330 914 1395 Viam

336 1432 424 1495 Cum
437 1431 487 1495 bia
502 1431 599 1495 trium
614 1430 768 1494 ulnarum
783 1440 867 1513 toga,

293 1531 338 1593 Ut
350 1550 408 1593 ora
421 1540 525 1593 vertat
538 1530 605 1593 huo
619 1540 652 1593 et
666 1530 732 1592 huo
746 1531 895 1593 euntium

334 1629 512 1693 Liberrima
526 1628 730 1710 indignatio?
1114 1616 1155 1681 1⁰

269 1734 285 1770 ²1
296 1730 413 1793 Sectus
427 1727 566 1811 flagellis
579 1728 634 1791 hio
648 1728 901 1792 triumviralibus

337 1828 509 1891 Praeconis
523 1827 567 1890 ad
581 1826 749 1890 fastidium

290 1928 374 1990 ,Atat
389 1926 521 1992 Falerni
534 1926 623 1990 mille
638 1924 733 1990 fundi
742 1927 866 2010 jugera,

336 2026 383 2089 Et
396 2026 540 2110 Appiam
552 2026 683 2089 mannia
698 2026 777 2106 terit,

296 2126 525 2209 sedilibusque
538 2145 681 2209 magnus
697 2125 857 2208 inprimis
872 2143 981 2208 eques,
1117 2129 1154 2190 15

341 2223 790 2310 Othoneeontempto,'sedet.
951 2237 963 2260 ·

295 2323 389 2395 Quid
403 2325 525 2406 attinet,
541 2333 587 2388 tot
599 2344 656 2388 ora
670 2324 805 2389 navium
821 2325 911 2408 gravi

339 2425 489 2488 Rostrata
502 2423 579 2489 duci
593 2423 732 2507 pondere

298 2524 419 2587 Contra
434 2523 573 2587 latrones
587 2533 686 2606 atque
700 2522 849 2587 servilem
864 2542 1009 2605 manuni¹

340 2623 421 2705 Hoc,
437 2624 498 2688 hoo
514 2624 642 2687 tribuno
655 2623 797 2688 militum
805 2623 838 2687 l'’
1114 2622 1157 2686 2⁰

526 3122 707 3183 bennun
736 3121 772 3183 V.

320 3304 368 3348 {N
403 3305 647 3350 centulum
685 3305 986 3353 venementi.

241 3451 321 3531 “lit
335 3471 356 3514 o
369 3451 504 3516 deorum
518 3451 678 3535 quidquid
693 3453 728 3516 in
742 3452 831 3517 coelo
846 3453 940 3536 regit'

311 3549 430 3614 Terras
444 3560 476 3614 et
490 3552 674 3615 humanum
690 3572 801 3635 genus,

340 3749 369 3799 C.
382 3751 406 3800 it·
427 3751 452 3802 8.
469 3751 507 3801 bio
519 3760 562 3801 ter.
638 3753 667 3802 C.
679 3769 703 3803 v.
719 3754 739 3801 l.
758 3754 963 3816 quinquie-regu.
