2742 4250
439 278 550 330 meaa
573 279 613 330 n
663 280 691 330 a.
717 280 753 330 v.
1025 263 1096 334 229

97 440 172 513 coil
190 449 297 503 lamen
312 437 375 502 ista
390 436 468 500 velit
483 437 544 500 sibi
558 436 678 516 sabula,
694 437 722 499 si
737 436 821 515 licet,
836 435 949 499 ede.-

94 539 248 623 Tempore,
264 557 331 622 quo
340 537 471 622 juvenis
487 537 615 600 Parthis
631 535 820 615 horrendus,
835 536 879 598 ab
893 537 959 599 alto

95 640 268 702 Demissum
284 656 388 719 genus
403 636 523 715 Aenea,
539 635 651 698 tellure
666 635 813 716 marique

94 739 222 820 Magnus
236 738 303 816 erit,
319 735 393 800 sorti
405 737 507 799 nubet
521 753 650 817 procera
665 735 792 797 Corano

94 839 169 901 Filia
182 837 329 916 Nasicae,
345 834 520 898 metuentis
534 833 664 896 reddere
680 833 817 896 eoldum.
1056 835 1098 898 00

28 951 29 954 ’
95 936 174 998 l'uru
189 955 286 1018 gener
300 935 362 998 boc
377 933 491 998 faciet:
514 932 642 996 tabulas
657 951 765 995 socero
779 932 878 1012 dabit,
894 943 1000 1015 aupuc,

94 1035 132 1099 Ut
145 1035 236 1117 legat,
251 1035 371 1115 orabit;
393 1033 536 1098 multum
550 1032 672 1096 Nasica
686 1042 822 1114 negatas

90 1135 225 1217 Accipiet
240 1133 373 1196 landem
387 1142 419 1195 et
434 1132 551 1200 tacitus
566 1131 650 1214 leget
664 1131 870 1214 invenietque

90 1232 142 1296 Nil
155 1234 214 1297 sibi
229 1234 382 1316 legatum,
397 1241 522 1314 practer
533 1231 666 1318 plorare,
681 1231 825 1314 suisque.

90 1331 167 1396 Illud
181 1332 223 1396 ad
238 1333 320 1396 haec
330 1332 446 1416 jubeo:
468 1331 585 1396 mulier
598 1331 626 1394 si
640 1330 720 1395 forte
734 1331 846 1407 dolosa
1056 1332 1099 1396 70

28 1475 29 1478 =
90 1432 273 1496 libertusve
287 1451 399 1494 senem
413 1431 551 1495 delirum
565 1440 728 1513 temperet,
742 1431 806 1494 illis

90 1531 228 1594 decedas
243 1531 369 1614 socius3
393 1531 515 1612 laudes,
531 1530 672 1596 lauderis
688 1541 726 1597 ut
738 1532 865 1594 absens.

90 1631 223 1715 Adjuvat
237 1632 299 1694 hoe
314 1650 452 1712 quoque,
468 1631 525 1694 sed
540 1630 642 1694 vineit
656 1629 750 1713 longa
764 1631 853 1713 prius
867 1631 974 1713 ipsum

91 1729 284 1814 Expugnare
298 1741 407 1812 caput
449 1730 573 1794 Scribat
587 1730 676 1792 mala
689 1729 835 1793 carmina
849 1749 978 1811 vecors3

91 1828 240 1893 Laudato.
284 1830 445 1893 Scortator
459 1829 535 1893 erit:
558 1849 638 1892 eave
654 1840 684 1892 te
699 1839 807 1912 rogetz
829 1829 912 1893 ultro
1058 1828 1100 1895 70

92 1928 278 2012 Penelopam
293 1927 397 1992 facilis
412 1929 524 2011 potiori
539 1918 850 1993 trade-Putasnel

92 2027 218 2091 Perduci
232 2029 346 2111 poterit
360 2038 428 2091 tarn
442 2027 528 2110 fntgi
543 2038 675 2111 tamque
690 2028 817 2112 pudica,

94 2128 196 2197 Quam
208 2129 360 2210 nequiere
374 2128 461 2211 proci
475 2138 560 2192 recto
574 2128 732 2211 depellere
746 2147 845 2193 cursu
852 2128 911 2193 a...

95 2224 180 2291 Venit
192 2228 288 2308 enim,
305 2248 463 2310 magum
478 2227 621 2291 donandi
635 2248 742 2310 parca,
752 2231 917 2313 juventus,

95 2324 155 2387 Nec
168 2336 296 2389 tantum
310 2326 451 2406 Veneris,
467 2336 628 2408 quantum
644 2327 789 2391 studiosa
803 2329 941 2391 culinae.
1058 2329 1100 2394 80

94 2424 142 2486 Sic
156 2427 209 2490 tibi
224 2427 384 2509 Penelope
398 2426 484 2509 frugi
498 2437 555 2506 est,
571 2447 664 2508 quae,
681 2428 709 2490 si
723 2428 823 2491 semel
838 2448 905 2491 uno
973 2456 978 2465 ·

96 2520 139 2583 De
152 2544 224 2588 sene
240 2526 384 2607 gustarit,
400 2536 509 2589 tecum
523 2527 639 2609 partita
655 2526 818 2606 lucellum,

97 2619 134 2681 Ut
145 2624 231 2686 canis
246 2644 267 2686 a
281 2624 365 2687 corio
380 2643 551 2706 nunquam
566 2625 791 2688 absterrebitur
807 2636 913 2689 uncte.

95 2718 237 2801 Mesene,
253 2723 341 2804 quod
356 2723 473 2804 dicam,
489 2723 612 2793 sactum
628 2733 695 2788 est:
717 2744 802 2787 anus
817 2725 961 2807 improba
975 2726 1096 2789 'l'lreble

96 2815 143 2880 Ex
157 2828 345 2885 testamento
360 2822 406 2885 sic
422 2832 470 2884 est
484 2821 587 2886 elata:
610 2822 751 2885 cadaver
1059 2826 1101 2888 85

97 2916 229 2983 linctum
243 2921 313 2983 oleo
328 2921 417 3003 largo
432 2922 530 2985 nudis
545 2923 689 2985 humeris
704 2922 778 2986 tulit
793 2923 902 3004 beres3

97 3016 212 3082 Scilicet
226 3021 310 3084 elabi
325 3020 352 3083 si
367 3032 475 3104 posset
489 3032 633 3103 mortua3
656 3021 759 3101 crede,

96 3115 184 3184 Quod
198 3119 336 3182 nimium
350 3120 507 3183 institerat
521 3120 653 3183 viventi.
698 3120 825 3183 Cautus
840 3118 935 3202 adito,

99 3211 160 3276 Neu
174 3216 256 3280 desis
270 3236 394 3300 operae,
411 3238 492 3281 neve
507 3218 738 3282 immoderatus
752 3220 907 3285 abundes.

100 3310 257 3379 Difficilem
272 3326 305 3379 et
319 3336 482 3380 morosum
497 3318 636 3381 offendet
651 3318 820 3401 garrulus3
845 3320 927 3384 ultro
1059 3322 1100 3386 00

34 3470 35 3493 2
101 3408 160 3474 Non
174 3416 270 3478 etiam
286 3416 391 3479 sileas.
436 3418 552 3479 Davus
568 3418 612 3480 sis
627 3418 780 3499 comicus,
796 3418 893 3501 atque

197 3660 235 3709 74.
253 3661 344 3709 scribit.
411 3662 451 3711 76.
469 3660 696 3724 Penelopenr-em.
761 3664 803 3713 at.
820 3666 982 3715 exterrebitur.

329 3742 369 3792 90.
386 3741 502 3804 offendit;
518 3742 634 3802 offendes,
645 3744 675 3793 de
686 3746 768 3808 conj.,·
785 3744 853 3794 ultra.
