2742 4250
592 245 792 297 onumen

305 403 437 468 Laudat
450 422 526 468 rura
540 403 611 486 sni;
634 423 714 468 mox
728 401 831 468 reiicit
844 413 930 468 rates

305 504 465 584 Quassus,
481 501 629 568 indocilis
643 505 831 588 pauperiem
844 506 921 590 pati.

305 605 367 668 Est
381 604 438 688 qui
451 623 512 668 nec
527 603 643 667 veteris
657 603 777 686 pocula
790 602 934 690 Massici,

305 703 374 768 Neo
387 713 512 788 partem
525 702 627 766 solido
642 700 770 766 demere
784 703 825 767 de
839 703 893 767 die

304 803 441 888 Spernit,
456 822 545 866 nunc
560 801 655 866 viridi
669 803 815 866 membra
830 805 891 868 sub
905 804 1019 868 arbuto

304 903 440 984 Stratus,
457 921 545 968 nuno
560 901 603 966 ad
618 921 723 984 aquae
739 902 811 966 lene
824 913 923 986 caput
937 923 1057 968 sacrae.

305 1001 427 1066 Multos
441 1011 547 1065 eastra
555 1002 721 1086 juvant‚et
735 1001 814 1066 lituo
829 1003 926 1066 tubae

305 1101 490 1168 Permixtus
505 1101 795 1184 sonitus‚bellaquo
808 1103 968 1169 matribm

304 1201 481 1264 Detestata.
526 1200 639 1264 Manet
654 1201 716 1264 sub
729 1201 810 1265 Jove
825 1199 940 1284 frigido

227 1364 228 1367 ,
304 1301 452 1382 Venator,
468 1298 596 1363 tenerae
610 1299 757 1383 conjugis
772 1300 949 1382 immemor,

304 1401 372 1464 Seu
384 1401 458 1464 'visa
472 1409 521 1462 est
534 1399 652 1463 catulis
666 1417 764 1471 cerva
779 1397 940 1481 fidelibus,

304 1501 372 1564 Seu
386 1499 472 1582 rupit
486 1507 599 1561 teretes
614 1497 745 1561 Marsus
760 1517 837 1580 aper
850 1499 973 1583 plagas

305 1600 360 1664 Me
375 1597 545 1661 doctarum
559 1597 698 1660 hederae
717 1598 862 1680 praemia
876 1596 1030 1664 frontium

306 1699 371 1762 Dis
386 1697 524 1761 miscent
538 1696 663 1780 superis
675 1717 683 1779 3
707 1717 761 1760 me
775 1697 919 1783 gelidum
933 1718 1050 1764 nemus

305 1797 600 1882 Nympharumque
614 1796 703 1860 leves
717 1816 795 1860 cum
808 1798 935 1880 Satyris
948 1799 1037 1863 chori

304 1899 485 1962 Secernunt
499 1897 626 1982 populo,
642 1897 790 1978 sineque
805 1898 900 1962 tibias

306 1998 449 2081 Euterpe
463 1997 598 2088 cohibet,
614 2016 675 2061 neo
690 1996 910 2080 Polyhymnia

305 2098 469 2163 Lesboum
483 2096 599 2181 refugit
613 2096 743 2161 tendere
756 2096 911 2161 barbiton.
991 2177 993 2181 μ

306 2197 435 2269 Quodsi
449 2197 626 2280 me'lyriois
640 2196 770 2265 vatibus
785 2196 907 2275 inseris,

305 2293 449 2363 Sublimi
460 2294 573 2359 feriam
587 2295 693 2358 sidera
705 2295 833 2358 vertice.

631 2580 751 2595 m

564 2774 745 2873 orantus
773 2810 818 2871 11.

388 2998 442 3041 ΔΙ)
479 2994 710 3041 CAESAREM
749 2994 994 3039 AUGUSTU-

307 3162 383 3237 lam
398 3160 476 3222 satis
491 3154 580 3222 terris
594 3159 679 3222 nivis
695 3169 795 3240 atque
807 3156 896 3221 dirae

308 3259 483 3325 Grandinis
497 3259 585 3321 misit
599 3259 702 3339 Pater,
717 3268 750 3322 et
763 3258 897 3321 rubente

310 3362 452 3425 Dextera
468 3378 575 3423 sacras
585 3358 751 3445 jaculatus
765 3378 855 3424 arces

392 3458 524 3544 Terruit
537 3459 666 3539 Urbem,
738 3455 744 3469 ’

382 3661 420 3711 17.
432 3670 492 3717 tuta,
504 3659 533 3709 de
545 3661 693 3726 conjecturo.
797 3658 838 3708 29.
851 3658 898 3716 Te,
909 3658 939 3708 de
951 3674 1014 3720 conj.

282 3742 321 3791 35.
342 3738 442 3801 inseres,
454 3742 571 3793 Orellius.
637 3742 678 3793 ³6.
696 3739 820 3791 Sublimis.
886 3738 916 3787 G.
927 3740 955 3788 ii.
966 3738 991 3787 2.
1009 3740 1111 3789 rubens.
