2742 4250
494 274 615 325 uum.
663 275 757 327 QX.

224 430 328 495 'l'erra
341 431 488 515 marique
501 431 608 495 victus
622 433 724 499 hostis
739 434 864 497 Punico

267 531 421 614 Lugubre
435 532 577 596 mutavit
591 552 718 614 sagum

226 632 293 695 Aut
306 630 360 694 iile
373 641 507 694 centum
519 631 662 696 nobilem
676 634 807 697 Cretam
823 634 955 698 urbibus

267 730 379 793 Ventis
393 729 497 793 iturus
511 749 577 793 non
592 732 670 811 suis,

224 830 429 892 Exercitatas
444 840 502 892 aut
516 831 594 913 petit
609 830 722 914 Syrtes
736 832 829 913 Noto,

266 929 335 992 Aut
349 926 449 991 fertur
461 928 584 991 incerto
597 930 689 993 mari.

224 1028 417 1110 Capaciores
431 1026 510 1090 affer
524 1028 598 1107 huc,
614 1047 701 1110 puer,
718 1030 867 1113 scyphos,

267 1128 313 1190 Et
327 1127 412 1190 Chia
426 1127 506 1189 vina
520 1136 579 1190 aut
593 1126 711 1192 Lesbia
724 1149 732 1210 ;

205 1283 207 1286 .
225 1226 293 1304 vel,
307 1224 396 1308 quod
410 1225 568 1288 fluentem
582 1246 741 1290 nauseam
755 1238 906 1308 coerceat,

266 1326 379 1390 Metire
393 1325 486 1387 nobis
501 1326 700 1389 Caecubum.

226 1427 347 1489 Curam
362 1436 550 1506 metumque
564 1424 713 1487 Caesaris
728 1444 833 1488 rerum
839 1420 937 1509 Juvat
1048 1427 1050 1432 '

268 1525 365 1589 Dulci
380 1523 492 1608 Lyaeo
505 1524 637 1588 scivere.

566 1840 685 1853 -ο

504 2082 683 2145 ΟΑΒΜΕΝ
715 2082 753 2144 X

357 2284 406 2328 rs
442 2283 662 2326 usavruu
702 2266 919 2328 uocatu„

279 2462 369 2526 Mala
383 2461 490 2524 seluta
504 2459 601 2542 navis
615 2460 682 2523 exit
698 2460 781 2540 alite,

320 2563 441 2625 Ferens
455 2560 596 2623 olentem
611 2559 787 2623 Maeuium.

279 2661 324 2726 Ut
337 2661 473 2724 horridis
488 2669 662 2742 utrumque
676 2660 823 2722 verberes
838 2657 933 2740 latus,

321 2761 446 2838 Auster,
462 2769 624 2822 memento
638 2758 801 2821 fluctibus.

280 2861 378 2942 Niger
391 2859 543 2922 rudentes
558 2858 677 2937 Eurus,
694 2857 820 2920 inverso
835 2858 924 2938 mari,

321 2961 519 3040 Fractusque
534 2977 637 3020 remos
652 2957 787 3020 differat.

280 3061 431 3141 Insurgat
445 3057 573 3139 Aquilc,
589 3068 731 3139 quantus
747 3056 820 3118 altis
835 3056 1000 3119 montibus

322 3158 458 3239 Frangit
473 3167 643 3219 trementes
659 3155 766 3219 ilices:

283 3256 350 3321 Nec
365 3256 455 3319 sidus
470 3265 539 3318 atra
553 3266 646 3318 nocte
661 3255 804 3317 amicum
820 3264 979 3338 appareat,

325 3357 404 3426 Qua
419 3355 517 3418 tristis
532 3355 631 3418 Orion
645 3354 752 3436 cadit3

283 3455 450 3525 Quieticre
465 3475 524 3517 uec
539 3455 660 3518 seratur
674 3474 820 3536 aequore,

324 3555 438 3625 Quam
453 3554 551 3616 Graia
565 3555 723 3616 victorum
738 3573 864 3634 manus,

538 3757 578 3804 ³4.
598 3759 647 3804 Aut
660 3755 730 3804 Chia.

1100 3351 1136 3414 1⁰
