2742 4250
477 293 589 345 mna
612 293 651 343 n.
702 292 785 368 aa

119 456 276 520 Versibus
291 453 423 516 altantis
436 451 603 535 opprobria
617 451 739 515 rustica
753 447 846 530 fudit,

115 556 335 637 Libertasqne
348 561 546 616 recurrentes
560 561 693 634 accepta
707 571 763 634 per
777 568 881 613 annos

114 656 219 718 Lusit
233 653 422 731 amabiliter,
436 651 540 714 donec
549 653 619 735 jarn
633 670 752 714 saevus
767 659 911 732 apertum
933 693 940 708 .

117 756 162 818 ln
177 755 301 817 rabiem
315 753 420 834 coepit
435 752 515 814 verti
526 753 628 835 jocus,
643 761 675 813 et
690 770 746 833 per
761 751 913 812 honestas

117 856 174 918 Ire
189 853 303 916 domos
319 854 453 934 impune
467 851 590 914 minax.
636 851 776 913 Doluere
791 859 923 913 cruento
955 843 957 847 ’
1088 847 1146 910 llll)

119 954 233 1016 Dente
247 953 406 1031 lacessiti3
430 951 498 1013 luit·
507 950 636 1012 intactis
650 969 781 1031 quoque
796 967 875 1011 cura

118 1052 319 1116 Conditione
333 1071 431 1133 super
443 1049 631 1131 communi;
653 1049 734 1130 quin
749 1047 847 1110 etiam
863 1047 916 1109 lex

120 1154 299 1233 Poenaque
314 1151 388 1230 lata,
404 1150 491 1212 malo
505 1169 590 1231 quae
604 1149 703 1211 nollet
717 1147 859 1210 carmine
873 1167 1063 1230 quenquam

28 1279 31 1284 ·
123 1251 282 1314 Describi.
326 1251 454 1313 Vertere
469 1248 612 1327 modum,
629 1246 798 1310 formidine
814 1245 909 1310 fustis

121 1350 178 1413 Ad
193 1353 276 1413 bene
290 1348 465 1412 dicendum
480 1347 773 1428 delectandumque
788 1345 917 1410 redacti.
1086 1348 1146 1410 rsa

123 1451 262 1512 Graecia
277 1461 373 1531 capta
389 1448 493 1510 senam
507 1449 661 1510 victorem
675 1447 769 1530 cepit,
785 1456 816 1509 et
831 1457 915 1509 artes

125 1550 241 1612 lutulit
255 1549 372 1631 agresti
388 1548 499 1611 Latio:
521 1547 569 1609 sic
583 1545 731 1609 horridus
747 1546 799 1610 ille

129 1649 276 1710 llefluxit
292 1666 446 1709 rrumeurs
461 1645 644 1725 Saturnius,
659 1656 692 1708 et
707 1665 805 1728 grave
820 1646 909 1709 virus

127 1748 311 1812 Munditiac
326 1747 495 1829 pepulere:
517 1745 575 1808 sed
590 1745 625 1809 in
639 1745 775 1828 longum
791 1757 901 1810 tamen
916 1765 1035 1809 aevum

127 1849 320 1911 Mansernnt
334 1845 495 1927 hodieque
509 1855 645 1908 manent
657 1844 795 1926 vestigia
810 1845 901 1907 ruris.
1087 1847 1148 1909 160

128 1949 226 2011 Serus
241 1946 330 2009 enim
344 1946 477 2008 Graecis
492 1944 638 2008 admovit
651 1944 805 2008 acumina
819 1945 947 2026 chartiS,

129 2048 172 2109 Et
187 2055 259 2130 post
274 2045 399 2109 Punica
412 2044 498 2108 bella
512 2044 651 2127 quietus,
665 2062 819 2127 quaerere
834 2043 946 2128 coepit,

128 2146 220 2217 Quid
236 2144 411 2229 Sophocles
426 2156 458 2207 et
472 2144 615 2227 Thespis
629 2153 662 2207 et
676 2143 862 2227 Aeschylus
877 2143 955 2207 utile
971 2143 1095 2209 ferrent.

128 2245 287 2310 'lentavit
300 2264 430 2327 quoque
444 2264 521 2325 rem,
536 2244 564 2307 si
578 2243 676 2326 digne
691 2251 811 2307 vertere
826 2254 941 2327 posset,

132 2348 172 2409 Et
187 2344 311 2429 placuit
325 2346 395 2425 sibi,
411 2355 527 2407 natura
542 2343 690 2407 sublimis
705 2354 737 2407 et
752 2364 844 2428 acer;
1088 2346 1149 2410 165

131 2446 216 2509 Nam
233 2446 333 2527 spirat
347 2445 506 2527 tragicum
521 2444 599 2507 satis
615 2454 647 2507 et
661 2442 795 2509 feliciter
810 2446 927 2525 audet;

127 2546 193 2610 Sed
209 2557 336 2627 turpem
351 2554 442 2627 putat
457 2545 571 2608 inscite
586 2545 766 2628 metuitque
782 2546 937 2641 lituram),

128 2643 285 2724 Creditur,
300 2664 343 2729 ex
358 2643 466 2706 medio
480 2646 559 2726 quia
574 2666 624 2708 res
639 2646 780 2725 arcessit,
796 2646 913 2709 habere

127 2744 262 2809 Sudoris
277 2744 457 2824 minimum,
475 2744 533 2807 sed
548 2746 646 2809 habet
660 2746 828 2809 comoedia
844 2756 933 2808 tanto

127 2846 208 2909 Plus
222 2845 335 2922 cuens,
347 2854 471 2926 quanto
486 2845 600 2907 veniae
615 2846 734 2908 minus.
773 2843 921 2925 Adspice,
934 2846 1072 2909 Plautus
1090 2846 1150 2911 170

127 2947 206 3017 Quo
221 2954 316 3027 pacto
330 2955 437 3026 partes
452 2955 573 3008 tutetur
587 2947 730 3009 amantis
744 2944 867 3027 ephebi,

131 3046 173 3109 Ut
186 3044 287 3128 patris
301 3046 424 3125 attenti,
442 3045 566 3107 lenonis
581 3056 618 3108 ut
633 3045 776 3108 insidiosi
790 3064 798 3125 ;

128 3146 287 3214 Quantus
302 3144 342 3206 sit
359 3145 550 3207 Dossennus
565 3144 721 3207 edacibus
737 3144 769 3207 in
785 3144 941 3226 parasitis,

128 3245 243 3313 Quam
259 3262 323 3305 non
339 3242 491 3306 adstricto
506 3254 669 3327 percurrat
684 3244 809 3327 pulpita
824 3263 935 3308 socco:

129 3344 232 3406 Gestit
247 3345 335 3406 enim
350 3362 525 3406 nummum
540 3344 573 3406 in
589 3343 711 3406 loculos
726 3342 900 3423 demittere,
917 3355 988 3426 post
1003 3344 1064 3407 hoc
1088 3346 1146 3409 ild

128 3444 279 3522 Securus,
294 3442 393 3505 cadat
407 3462 450 3506 an
466 3452 551 3505 recto
566 3452 627 3505 stet
642 3441 755 3505 fabula
770 3443 843 3507 talo.

127 3549 240 3613 Quem
254 3543 328 3606 tulit
342 3542 385 3606 ad
401 3563 535 3606 scenam
549 3554 683 3605 ventoso
699 3543 808 3606 Gloria
822 3563 927 3624 curru,

132 3643 309 3706 Exanimat
323 3642 433 3706 lentus
448 3653 614 3725 spectator,
630 3641 764 3705 sedulus
779 3642 891 3707 inflat:

127 3745 180 3808 sic
196 3744 276 3823 leve,
292 3743 338 3806 sic
354 3764 492 3827 parvum
507 3754 563 3825 est,
579 3745 726 3808 animum
736 3742 828 3825 quod
845 3743 951 3805 laudis
967 3764 1101 3809 avarum
