2742 4250
215 192 283 264 [90
607 206 822 257 sarmarum

252 366 361 449 Signis
375 363 524 447 perfacile
539 374 596 426 est
639 364 736 427 Venit
750 364 908 426 vilissrma
922 384 1030 429 rerum

251 465 314 528 Hic
329 485 434 546 aqua3
458 464 515 526 sed
530 464 624 546 panis
639 464 734 546 longe
749 464 993 546 pulcherrimus
1009 465 1094 527 ultra
1148 544 1151 549 Ι
1188 464 1233 529 85

252 564 399 627 Callidus
414 573 451 625 ut
465 564 566 626 soleat
579 564 723 628 humeris
737 573 860 645 portare
875 564 996 627 viator:

252 664 338 728 Nam
354 665 479 725 Canusi
494 663 677 745 lapidosus;
701 682 806 743 aquae
821 681 887 725 non
901 662 996 726 ditior
1011 683 1093 727 urna

252 766 321 833 Qui
337 764 428 826 locus
443 784 464 825 a
479 762 551 825 forti
566 762 724 825 Diomede
739 772 787 824 est
801 762 950 825 conditus
965 763 1051 825 olim.

253 864 422 925 Flentibus
437 863 514 925 hinc
530 861 647 925 Varius
661 860 798 924 discedit
812 872 955 923 moestus
969 863 1091 925 amicis.

254 962 334 1024 lude
349 964 461 1025 Rubos
476 962 552 1025 sessi
568 962 783 1044 pervenimus
800 972 909 1042 utpote
925 961 1060 1044 longum
1187 964 1236 1027 90

254 1064 428 1144 Carpentes
444 1063 502 1125 iter
515 1073 548 1125 et
561 1062 686 1125 factum
699 1062 880 1143 corruptius
893 1062 997 1125 imbri.

214 1237 216 1242 Ι
254 1163 385 1234 Postera
399 1173 572 1245 tempestas
587 1161 706 1240 melior,
721 1161 777 1224 via
791 1162 882 1243 pejor,
899 1161 941 1223 ad
956 1181 1060 1244 usque

253 1262 328 1325 Barr
342 1262 470 1323 moenia
483 1261 619 1343 piscosi:
641 1260 760 1323 dehinc
775 1260 904 1339 Gnatia,
920 1260 1065 1343 lymphis

254 1361 347 1423 Iratis
362 1372 534 1439 exstructa,
550 1360 639 1422 derit
654 1360 800 1440 risusque
810 1361 971 1443 jocosque,

254 1461 353 1539 Dum,
369 1460 502 1522 flamma
517 1459 586 1521 sine
602 1459 697 1521 thura
713 1458 887 1538 liquescere
902 1458 1012 1521 limine
1027 1479 1126 1540 sacro,
1189 1462 1235 1525 95

259 1544 451 1621 Persuadere
466 1559 563 1640 cupit.
607 1557 726 1621 Credat
740 1557 760 1620 J
762 1556 883 1619 udaeus
897 1545 1021 1640 Apella,

256 1656 289 1720 N
290 1677 333 1719 on
346 1678 424 1739 ego;
446 1678 588 1738 namque
603 1657 680 1718 deos
695 1656 793 1721 didici
808 1676 958 1719 securum
968 1646 1066 1739 'agere
1081 1676 1218 1721 aevum:

256 1757 333 1836 Nec,
350 1757 377 1819 si
392 1757 472 1837 quid
486 1757 558 1819 miri
573 1754 671 1819 faciat
685 1766 812 1834 natura,
828 1754 905 1817 deos
921 1756 954 1817 id

256 1856 380 1919 Tristes
395 1876 437 1919 ex
452 1857 518 1919 alto
532 1855 612 1919 coeli
626 1854 792 1918 demittere
807 1865 898 1917 tecto.

226 2032 229 2036 ¹
259 1956 479 2020 andusium
494 1956 610 2039 longae
626 1954 702 2017 linis
712 1955 908 2036 chartaeque
920 1954 1056 2037 viaeque
1068 1967 1124 2019 est.
1172 1960 1236 2023 100

598 2547 760 2608 sarran
795 2546 851 2607 vr
906 2632 910 2640 ,

296 2781 383 2865 Non,
399 2787 485 2866 quia,
501 2785 683 2865 Maecenas
699 2785 867 2868 Lydorum
882 2786 1041 2869 quidquid
1055 2787 1213 2852 Etruscos

256 2885 396 2949 lncoluit
410 2885 500 2965 fines,
516 2905 612 2948 nemo
627 2886 807 2967 generosior
822 2897 870 2947 est
884 2896 923 2965 te,

255 2984 333 3065 Nec,
348 2984 435 3066 quod
449 3004 534 3047 avus
548 2984 605 3046 tibi
619 2994 785 3046 maternus
799 2983 861 3047 fuit
875 2995 971 3066 atque
986 2996 1147 3066 patentur,

257 3085 346 3149 Olim
361 3085 418 3165 qui
433 3083 560 3166 magnis
576 3083 755 3165 legionibus
770 3084 994 3167 imperitarent,

258 3183 301 3246 Ut
314 3184 457 3266 plerique
472 3183 583 3262 solent,
599 3201 680 3244 naso
696 3183 867 3266 suspendis
882 3183 1010 3244 adunco
1213 3187 1234 3252 5

256 3282 393 3362 Ignotos,
409 3292 447 3344 ut
460 3302 512 3343 me
527 3280 672 3344 libertino
688 3291 776 3363 patre
790 3291 920 3348 natum„

256 3383 342 3443 Cum
357 3381 468 3444 referre
482 3401 591 3462 negas,
607 3381 697 3464 quali
712 3382 753 3443 sit
767 3382 904 3463 quisque
919 3393 1050 3462 parente

256 3479 370 3560 Natus,
387 3481 466 3543 dum
481 3481 650 3563 ingenuus,
666 3481 841 3564 persuades
856 3482 916 3542 hoc
932 3481 989 3544 tibi
1003 3502 1085 3562 vere,

311 3683 337 3728 ll.
349 3682 380 3730 vi.
394 3684 417 3730 4
437 3684 576 3742 regionibus
587 3683 767 3742 imperitarunt;
785 3681 949 3742 imperitnrint.
1018 3683 1040 3730 5.
1059 3690 1137 3732 acuto.
