2742 4250
430 290 618 342 usuum.
668 292 790 345 om

288 452 419 516 Versere
435 449 545 533 glebas
560 460 592 513 et
606 468 737 514 severae
784 470 789 479 ·

327 549 443 613 Matris
457 548 499 611 ad
514 548 681 613 arbitrium
696 549 813 613 recisos

242 749 371 812 Portare
385 746 496 827 fustes,
512 744 568 811 Sol
583 747 638 811 ubi
652 748 814 811 montium

243 847 385 911 Mutaret
399 846 531 909 umbras
545 854 577 909 et
587 847 669 929 juga
684 845 825 911 demeret

284 946 394 1009 Bobus
408 944 558 1027 fatigatis,
575 946 719 1008 amioum
838 1021 842 1027 Δ

326 1045 474 1129 Tempus
489 1064 589 1127 agens
605 1045 743 1107 abeunte
757 1064 863 1109 curru.

243 1244 412 1307 Damnosa
425 1241 506 1325 quid
520 1260 586 1305 non
601 1242 766 1305 imminuit
779 1240 872 1306 ‹lies‘t

245 1344 342 1407 Aetas
357 1353 535 1425 parentum,
551 1342 636 1425 pejor
650 1342 730 1421 avis,
747 1341 821 1404 tulit

284 1442 352 1506 Nos
367 1440 544 1523 nequiores,
560 1458 638 1503 mox
651 1440 784 1503 daturos

326 1541 514 1624 Progeniem
528 1540 731 1604 vitiosiorem.

462 2098 641 2162 OARMEN
676 2098 751 2160 VII.

423 2299 478 2341 AD
516 2292 793 2342 ASTERIEN.

214 2478 306 2550 Quid
321 2479 388 2558 fles,
405 2475 535 2556 Asterie,
552 2496 650 2559 quem
665 2477 722 2539 tibi
737 2477 867 2540 candidi

215 2578 322 2641 Primo
336 2578 504 2642 restituent
518 2598 592 2642 vere
608 2577 756 2658 Favonii,

255 2678 382 2760 Thyna
395 2697 499 2741 merce
515 2678 655 2757 beatum,

297 2777 482 2839 Constantis
492 2777 647 2860 juvenem
662 2775 735 2856 fide,

214 2974 354 3057 Gygen?
398 2974 467 3055 Illc,
484 2974 577 3038 Notis
591 2985 684 3038 actus
700 2973 743 3037 ad
758 2972 892 3037 Oricum

216 3073 291 3136 Post
305 3073 421 3136 insana
436 3074 560 3156 Caprae
576 3071 689 3152 sidera,
704 3069 837 3155 frigidas

255 3171 374 3236 Noctes
388 3190 455 3235 non
470 3173 539 3235 sinc
554 3171 664 3234 multis

295 3270 457 3334 Insomms
477 3269 618 3333 lacrimis
640 3270 715 3352 agit.
832 3277 834 3281 '

216 3467 317 3550 Atqui
331 3468 487 3531 sollicitae
502 3468 643 3532 nuncius
658 3468 812 3550 hosprtae‚

212 3566 378 3650 Suspirare
395 3566 521 3630 Chloen
536 3577 567 3630 et
582 3568 735 3630 miserem
750 3566 815 3629 tuis

332 3813 347 3863 6
365 3766 405 3814 43.
423 3763 511 3814 Bubus.
640 3764 669 3812 C.
681 3765 723 3814 vii.
735 3765 759 3813 4.
776 3762 832 3812 fidei
