2742 4250
429 273 540 324 mun
563 272 615 324 Ν.
665 272 696 323 ο.
720 272 784 323 xv,
1044 255 1110 327 tot

258 433 306 497 'l'e
319 431 439 515 copias,
454 441 486 493 te
499 430 674 494 consilium
688 440 721 493 ct
736 440 808 492 tuos

258 532 432 595 Praebente
445 531 549 594 divos.
591 530 690 611 Nam,
706 530 764 593 tibi
779 528 910 613 quodie

296 632 412 694 Portus
427 628 634 692 Alexandrea
648 629 787 712 supplex
1072 626 1113 691 35

338 731 384 793 Et
397 749 538 793 vacuam
551 728 703 811 patefecit
716 729 836 809 aulam,

259 917 402 979 Fortuna
416 914 516 977 lustro
531 933 681 997 prospera
696 914 787 976 tertio

262 1015 340 1079 Belli
354 1014 516 1079 secundos
530 1013 668 1078 reddidit
682 1014 799 1093 exitus,

297 1115 511 1197 Laudemque
525 1125 558 1177 et
572 1124 720 1198 optatum
734 1114 870 1198 peractis

340 1215 488 1297 Imperiis
503 1213 603 1279 decus
617 1215 788 1297 arrogavit.
1074 1208 1116 1272 to

259 1413 310 1477 'Pe
324 1415 486 1477 Cantaber
501 1434 566 1477 non
581 1423 657 1477 ante
671 1412 852 1499 domabilis,

258 1512 440 1595 Medusque
454 1524 487 1577 et
500 1512 612 1593 Indus,
628 1523 659 1577 te
673 1511 828 1596 profugus
843 1510 983 1593 Scythes

299 1612 444 1693 Miratur,
453 1631 480 1675 o
494 1612 595 1675 tutela
609 1632 761 1694 praesens

341 1712 454 1775 Italiac
470 1712 685 1793 dominaeque
701 1712 833 1775 Romae.

259 1912 319 1992 Te,
335 1911 474 1974 fontium
488 1912 544 1992 qui
558 1910 642 1973 celat
656 1910 803 1991 origines,

260 2010 420 2093 Nilusque
434 2020 467 2073 ct
481 2011 570 2090 Ister,
586 2020 617 2073 tc
632 2008 764 2092 rapidus
779 2008 899 2091 Tigris

301 2111 353 2175 'Pe
367 2109 534 2175 belluosus
548 2109 606 2194 qui
620 2108 750 2173 remotis

342 2211 506 2294 Obstrepit
521 2211 673 2274 Oceanus
689 2208 860 2289 Britannis

263 2412 315 2475 Te
330 2431 395 2474 non
409 2411 558 2494 paventis
572 2411 688 2474 funcra
703 2409 829 2474 Galliae

265 2509 436 2592 Duraeque
451 2509 548 2574 tellus
562 2510 654 2577 audit
668 2509 837 2574 Hiberiae:

302 2611 355 2673 Te
369 2609 469 2674 caede
483 2609 662 2694 gaudentes
678 2609 852 2692 Sygambri

346 2710 539 2792 Compositis
554 2719 750 2774 venerantur
764 2708 871 2772 armis,

551 3027 669 3038 .—

474 3267 653 3330 OARMEN
688 3268 757 3328 XV.

292 3466 506 3510 CAESARIS
540 3467 923 3512 subventurum-:s

272 3643 424 3707 Phoebus
439 3643 600 3707 volentem
614 3644 733 3727 proelia
748 3665 800 3708 me
815 3646 902 3728 loqu.

275 3743 383 3806 Victas
398 3754 429 3806 et
445 3745 539 3807 urbes
554 3744 712 3828 increpuit
726 3744 805 3826 lyra,
