2742 4250
642 288 841 339 CARMINUH

398 449 585 530 Prosperam
599 445 731 529 frugum
743 445 943 527 celeremque
958 464 1074 527 pronos
1123 462 1128 468 ’

483 547 613 610 Volvere
628 566 765 609 menses.
1208 547 1253 608 '40

397 747 507 828 Nupta
517 747 587 829 jam
601 744 707 807 dices:
729 761 790 825 ego
804 740 856 803 dls
869 742 1021 820 amicum,

394 847 533 909 Saeculo
548 842 645 907 festas
660 841 813 905 referente
828 841 926 921 luces,

395 942 534 1009 Reddidi
548 962 688 1022 carmen,
704 940 817 1004 docilis
831 940 1001 1003 modorum

481 1042 571 1105 Vatis
585 1034 708 1105 Horatt

606 1630 787 1691 GARMEN
815 1628 889 1690 vu

415 1831 466 1873 AD
500 1830 535 1872 1„
570 1829 773 1872 MANLlun
806 1828 1066 1873 TORQUATUM

301 2006 466 2089 Diffugere
480 2007 581 2085 nives,
596 2005 731 2069 redeunt
740 2006 809 2089 jam
825 2005 971 2087 gramina
984 2024 1108 2087 eampis

384 2106 624 2188 Arboribusque
638 2125 769 2168 comae:

301 2205 408 2268 Mutat
422 2215 504 2267 terra
518 2205 607 2267 vices
621 2215 653 2266 et
667 2204 885 2266 decrescentia
899 2203 984 2286 ripas

384 2304 539 2367 Flumina
554 2313 775 2385 praetereunt:

299 2403 411 2466 Gratia
426 2423 502 2467 cunr
517 2401 681 2485 Nymphis
696 2402 897 2484 geminisqw
912 2403 1070 2465 sororibus
1086 2401 1184 2464 audet
1232 2405 1252 2465 ὃ

267 2560 271 2566 .
385 2502 511 2565 Ducere
526 2500 617 2564 nuda
630 2501 754 2564 choros.

300 2600 497 2663 Immortalia
511 2620 552 2663 ne
567 2602 681 2682 speres,
698 2608 807 2662 monet
821 2618 928 2662 annus
943 2609 975 2662 et
989 2600 1114 2662 almum

384 2699 482 2768 Quae
497 2699 579 2780 rapit
593 2699 672 2762 hora
688 2698 783 2761 diem.
1001 2688 1003 2692 ’

301 2798 433 2880 Frigora
448 2798 621 2860 mitescunt
636 2797 798 2881 Zephyris
810 2819 817 2878 ;
841 2817 897 2859 ver
911 2798 1038 2879 proterit
1052 2807 1159 2860 aestas

383 2896 562 2977 Interitura,
578 2897 675 2960 simul
1214 2901 1254 2962 10

300 2995 440 3060 Pomifer
454 3006 654 3058 auctumnus
670 2995 778 3077 fruges
793 2995 948 3075 effuderit,
963 3007 996 3060 et
1010 3017 1086 3058 mex
1361 3066 1362 3073 ἵ

383 3097 505 3159 Bruma
520 3096 651 3158 recurrit
665 3095 760 3158 iners.
1361 3092 1362 3183 l

303 3197 432 3260 Damna
448 3205 556 3257 tamen
571 3194 693 3256 celeres
708 3205 856 3276 reparant
870 3194 1020 3258 coelestia
1036 3195 1168 3259 Lunae:
1361 3206 1363 3263 l

385 3294 461 3373 Nos,
477 3294 534 3356 ubi
548 3291 736 3373 decidimus,
1201 3321 1206 3331 ·
1361 3292 1362 3311 ³

300 3402 378 3466 Quo
393 3394 466 3476 pius
480 3394 616 3472 Aeneas,
631 3412 697 3474 quo
710 3393 802 3456 dives
816 3392 948 3472 Tullus,
963 3404 994 3457 et
1009 3395 1129 3475 Ancus,
1217 3397 1254 3458 15

384 3492 498 3557 Pulvis
513 3503 545 3556 et
559 3494 675 3556 umbra
689 3513 813 3556 sumus.

614 3693 877 3742 cetranorum.
1051 3765 1053 3769 Ι
1139 3727 1143 3735 .

289 3775 323 3825 lb.
341 3783 408 3837 pater
420 3773 534 3834 Aenean
553 3775 678 3830 Orelliarr
696 3772 783 3822 'l'ullus
793 3773 879 3831 niven
896 3771 991 3828 Tullus,
1002 3773 1069 3822 dives
1079 3784 1104 3823 et
1117 3773 1211 3826 Ancus.
