2742 4250
205 191 276 260 260
583 205 838 255 eremmon

244 363 318 426 Nou
332 361 472 443 equitem
486 361 589 442 dorso,
604 381 670 425 non
684 361 812 424 frenum
826 361 951 444 depulit
964 383 1027 426 ore.

243 461 306 540 Sic,
321 461 377 542 qui
393 461 578 544 pauperiem
592 461 722 540 veritus,
738 461 857 543 potiore
872 461 1013 530 metallis
1343 519 1344 540 ,

242 560 403 622 Libertate
416 559 511 638 caret,
526 559 696 622 dommum
705 561 807 621 vehet
822 560 986 642 improbus
1001 571 1100 644 atque
1179 563 1220 625 lo
1343 547 1344 594 t

242 659 365 723 Serviat
379 669 554 738 aeternum,
568 659 647 740 quia
661 676 761 740 parvo
775 659 896 730 nesciet
911 660 968 721 uti.
1344 653 1345 657 ’

242 759 306 822 Cui
320 778 385 821 non
399 759 568 822 conveniet
582 778 645 820 sua
658 777 717 836 ree,
734 767 771 819 ut
784 757 914 820 calceus
929 759 1015 838 olim,

241 859 278 922 Si
291 857 372 940 pede
387 859 486 942 major
499 857 566 936 erit,
583 857 764 938 subvertet3
788 856 816 918 si
831 857 944 937 minor,
960 868 1039 922 uret.

241 959 364 1020 Laetus
378 967 460 1018 sorte
474 966 532 1019 tua
545 956 637 1019 vives
652 957 820 1038 sapienter,
836 957 944 1036 Aristi,

242 1057 311 1120 Nec
325 1077 377 1119 me
391 1056 532 1118 dimittes
546 1054 784 1138 incastigatum‚
800 1056 856 1118 ubi
871 1057 965 1139 plura
1179 1058 1218 1120 lt

242 1157 371 1238 Cogere,
386 1175 487 1238 quam
501 1156 579 1218 satis
593 1166 650 1234 est,
666 1175 706 1217 ac
720 1174 787 1218 uon
801 1175 927 1219 cessare
941 1155 1083 1220 videbor.

241 1256 381 1337 Imperat
395 1265 453 1317 aut
466 1255 564 1316 servit
577 1253 712 1316 collecta
726 1254 865 1336 pecunia
878 1255 1006 1337 cuique,

242 1353 380 1415 'l'ortrun
395 1351 495 1434 digna
509 1352 601 1432 sequi
615 1352 731 1434 potins,
745 1372 848 1434 quam
863 1353 980 1416 ducere
994 1353 1119 1418 funem.

242 1451 333 1512 Haec
347 1451 405 1513 tibi
418 1450 582 1514 dictabam
596 1462 667 1533 post
682 1439 797 1514 sanum
810 1462 902 1534 putre
918 1454 1080 1533 Vacunae,

243 1548 389 1630 Excepto
403 1548 490 1630 quod
505 1569 570 1612 non
585 1550 682 1612 simul
697 1570 792 1630 esses,
808 1561 911 1614 cetera
928 1551 1042 1615 laetus.
1174 1553 1216 1616 50

1339 1105 1347 1213 t

1341 1225 1347 1343 t

1342 1428 1346 1473 l

1341 1519 1347 1772 l

558 2111 772 2174 EPISTOLA
802 2112 857 2172 Xl.

1346 2908 1347 2995 l

507 2311 565 2352 ΔΙ)
597 2311 910 2355 BULLATIUM.

283 2486 376 2556 etum
390 2487 447 2549 tibi
461 2507 533 2549 vrsa
548 2488 656 2563 Chios,
672 2488 802 2567 Bullati,
818 2498 960 2569 notaque
975 2488 1105 2567 Lesbos,

239 2585 332 2655 Quid
347 2586 506 2651 concinna
519 2588 643 2667 Sarnos,
659 2587 738 2669 quid
754 2587 864 2650 Croesi
878 2588 973 2669 regia,
990 2588 1109 2667 Sardis,

239 2686 382 2769 Smyrna
395 2686 476 2769 quid
490 2697 523 2751 et
537 2685 727 2769 Colophon?
760 2686 882 2771 Majora
897 2688 1063 2751 minorane
1079 2686 1191 2751 iamai

241 2785 409 2850 Cunctane
424 2807 499 2869 prae
515 2787 639 2869 Campo
652 2796 685 2849 et
699 2786 854 2849 'l'ibermo
869 2786 1004 2850 flumine
1019 2787 1172 2851 sordent?

242 2887 296 2949 An
312 2887 399 2949 venit
412 2889 446 2950 in
461 2898 574 2950 votum
588 2886 736 2975 Attalicis
750 2906 793 2948 ex
808 2888 940 2950 urbibus
955 2906 1030 2966 una,
1194 2889 1213 2951 5

240 2986 294 3047 Au
308 2986 476 3050 Lebedum
490 2986 615 3065 laudas,
631 2985 704 3047 odio
718 2986 817 3047 maris
832 2996 930 3068 atque
944 2987 1097 3049 viarum?

241 3085 321 3163 Scis,
337 3085 486 3149 Lebedus
500 3085 580 3167 quid
595 3086 654 3147 sit:
677 3085 790 3148 Gabiis
804 3084 955 3148 desertior
969 3096 1068 3167 atque

241 3182 375 3247 Fidenis
389 3184 501 3264 vicus;
524 3195 632 3247 tamen
649 3184 714 3247 illic
729 3185 837 3246 vivere
851 3183 977 3268 vellem,

242 3282 434 3365 Oblitusque
450 3302 592 3346 meorum
607 3282 845 3345 obliviscendus
861 3294 892 3345 et
907 3284 970 3346 illis

242 3383 431 3463 Neptunum
445 3382 555 3464 procul
569 3403 587 3445 e
602 3392 684 3445 terra
699 3392 840 3464 spectare
856 3382 1025 3446 furentem.
1182 3385 1216 3442 ru

242 3481 307 3547 Sed
322 3502 435 3564 neque,
452 3482 509 3565 qui
525 3483 639 3566 Capua
652 3483 793 3545 Romam
809 3481 895 3565 petit,
910 3482 1011 3545 imbre
1028 3482 1161 3564 lutoque
1346 3464 1347 3479 ¹

577 3681 618 3733 4⁰.
635 3680 710 3739 vehit,
723 3680 838 3731 Orelliue.
