2742 4250
640 280 838 332 mummuli

401 439 529 502 Poenus
544 438 751 521 perhorrescit
764 457 871 521 neque
885 440 971 501 ultra

444 537 552 600 Caeca
566 538 656 600 timet
670 536 802 601 aliunde
817 535 903 619 fata3

358 733 453 798 Miles
468 734 601 817 sagittas
616 745 647 797 et
666 734 796 797 tolerem
811 733 927 816 sugam

347 827 477 913 Parthi,
492 844 625 896 catenes
640 834 781 897 Parthus
795 844 828 896 et
841 833 962 896 Italum

399 933 529 1014 Robur3
552 931 609 995 sed
623 932 797 1016 improvisa
811 932 867 996 leti
949 995 951 1000 .

441 1032 497 1096 Vis
511 1033 617 1115 rapuit
631 1033 795 1115 rapietque
809 1042 930 1114 gentes.

356 1231 470 1301 Quam
484 1249 586 1322 paene
601 1230 715 1294 furvae
729 1251 829 1314 regna
843 1229 1051 1312 Proserpinae

357 1330 402 1392 Et
411 1329 611 1413 judicantem
625 1329 767 1393 vidimus
782 1331 937 1409 Aeacum,

398 1427 562 1510 Sedesque
578 1427 731 1494 discretas
745 1429 879 1513 piorum,
895 1439 927 1492 et

441 1527 560 1591 Aeoliis
575 1526 694 1592 fidibus
708 1534 895 1610 querentem

355 1726 486 1810 Sappho
500 1725 615 1808 puellis
630 1725 670 1789 de
681 1717 899 1809 popularibus,

354 1827 399 1889 Et
413 1836 444 1889 te
458 1837 627 1889 sonantem
642 1825 769 1909 plenius
783 1845 888 1906 aureo,

395 1924 522 2005 Almee,
537 1924 656 2008 plectro
670 1925 752 1988 dura
766 1925 868 2005 navis,

439 2025 530 2087 Dura
545 2025 640 2108 fugae
656 2024 753 2104 mala,
769 2022 851 2087 dura
866 2023 939 2087 belli
955 2023 963 2087 !

353 2222 535 2305 Utrumque
551 2242 640 2286 sacro
656 2221 755 2305 digna
770 2222 895 2295 silentio

353 2322 512 2386 Mirantur
526 2322 658 2384 umbrae
673 2322 795 2404 dicere;
819 2320 876 2385 sed
890 2322 995 2405 magis

393 2422 525 2503 Pugnas
540 2431 571 2483 et
585 2431 717 2484 exactos
730 2430 885 2504 tyrannos

436 2520 584 2582 Densum
599 2518 741 2583 humeris
756 2520 835 2583 bibit
849 2540 926 2582 aure
941 2519 1071 2605 vulgus.

352 2715 445 2787 Quid
459 2717 587 2797 mirum,
602 2716 657 2781 ubi
671 2716 736 2780 illis
750 2716 947 2780 carminibus
962 2728 1096 2803 stupens

352 2816 500 2880 Demittit
514 2826 600 2879 atras
614 2814 723 2879 bellua
737 2816 897 2898 centiceps
991 2882 998 2896 ‚

393 2915 505 2995 Aures,
521 2926 553 2978 et
567 2915 673 2978 intorti
688 2914 814 2997 capillis

434 3014 657 3077 Eumenidum
671 3024 854 3076 recreantur
868 3014 1018 3096 angues?

350 3211 444 3282 Quin
459 3221 490 3273 et
505 3210 713 3273 Prometheus
728 3221 759 3273 et
774 3211 900 3293 Pelopis
915 3230 1031 3294 parens

327 3332 332 3341 ·
352 3309 451 3374 Dulci
464 3309 611 3373 laborum
626 3307 782 3392 decipitur
797 3330 892 3392 son03

392 3408 568 3473 Nee-curat
583 3406 681 3470 Orion
697 3406 805 3471 leones

435 3509 502 3573 Aut
517 3506 644 3571 timidos
659 3506 779 3591 agitare
794 3507 917 3590 lyncas.

395 3706 435 3756 23.
453 3707 589 3771 discriptam
606 3707 746 3769 descriptas.
893 3708 933 3757 ³8.
950 3705 1064 3756 laborem,

1212 439 1252 500 15
