2742 4250
240 268 284 338 82
648 281 847 334 crarmrun

282 443 323 503 At
337 451 382 520 tu,
397 452 507 521 nauta,
522 460 627 524 vagae
640 460 682 503 ne
696 458 791 522 parce
805 439 969 521 malignus
983 457 1099 502 arenae

364 541 501 605 Ossibus
516 551 549 604 et
562 541 660 624 capiti
675 541 846 602 inhumato

281 640 476 704 Particulam
487 640 581 704 dere:
597 641 651 720 sic,
663 639 881 722 quodeunque
893 639 1067 702 minabitur
1077 639 1188 702 Eurus
1209 640 1249 702 25

365 740 534 804 Fluctibus
548 740 720 822 Hesperiis
737 739 921 802 Venusinae

280 839 466 903 Plectantur
480 840 590 920 silvae,
606 849 636 902 te
652 830 787 920 sospite:
809 838 978 920 multaque
993 858 1123 918 merces,

366 939 459 1004 Unde
474 948 584 1021 potest,
600 939 656 1002 tibi
671 937 795 1001 defluat
809 957 913 1020 aequo

280 1039 332 1101 Ab
346 1039 427 1102 Jove
443 1038 657 1121 Neptunoque
672 1038 755 1101 sacri
768 1037 901 1101 custode
916 1037 1060 1101 Tarenti.

366 1137 511 1222 Negligis
526 1137 692 1201 immeritis
708 1137 887 1200 nocituram
1211 1135 1252 1199 ³0

282 1237 454 1301 Postmodo
469 1247 500 1300 te
514 1238 599 1301 natis
614 1236 762 1300 fraudem
775 1238 994 1300 committeret
1037 1238 1118 1300 Fors
1132 1246 1163 1297 et

368 1338 486 1401 Debita
495 1341 569 1422 jura
583 1338 735 1419 vicesque
749 1337 905 1419 superbae

284 1437 336 1500 Te
349 1449 503 1501 maneant
518 1439 644 1521 ipsum:
666 1436 812 1520 precibus
827 1455 892 1498 non
907 1435 1035 1517 linquar
1048 1435 1168 1516 inultis

278 1575 282 1582 ·
367 1537 483 1619 Teque
497 1536 626 1620 piacula
640 1536 733 1600 nulla
746 1534 912 1598 resolvent.

284 1637 499 1718 Quamquam
513 1636 654 1718 festinas,
666 1655 732 1699 non
746 1645 795 1699 est
809 1655 898 1698 mora
912 1635 1027 1718 longa:
1050 1634 1156 1700 licebit
1212 1637 1254 1699 35

368 1735 487 1819 lnjectn
499 1747 549 1820 tar
562 1736 694 1819 pulvere
707 1755 825 1798 curras.

587 2324 767 2387 clausu
794 2325 912 2405 xxrx

625 2539 678 2583 AD
708 2540 875 2582 tccluu.

414 2730 486 2812 leci,
501 2733 603 2796 beatis
619 2752 707 2805 nune
721 2734 867 2797 Arabum
881 2732 1006 2795 invides

412 2832 518 2912 Gazis,
533 2843 565 2897 et
579 2853 688 2896 acrem
702 2832 851 2895 militiam
865 2851 958 2914 paras

453 2932 527 2996 Non
541 2943 615 2996 ante
630 2932 766 2995 devictis
779 2932 924 2996 Sabaeae

496 3032 647 3115 Regibus,
663 3032 868 3114 horribilique
883 3029 980 3094 Medo

413 3244 521 3309 Nectis
536 3245 692 3307 catenas'l
735 3245 833 3314 Quae
848 3244 905 3307 tibi
919 3244 1089 3326 virginum,

413 3343 539 3425 Sponso
553 3353 675 3423 necato,
692 3343 827 3406 barbara
841 3342 981 3406 serviet?

455 3442 539 3505 Puer
552 3442 626 3524 quis
640 3461 681 3505 ex
697 3442 774 3506 aula
788 3441 914 3524 capillis

495 3539 548 3603 Ad
562 3542 721 3624 cyathum
736 3551 895 3604 statuetur
908 3551 1024 3620 unctis,
1091 3595 1095 3603 .

671 3760 709 3805 31.
730 3756 821 3805 Forsan
