<?xml version="1.0" encoding="UTF-8"?>
<!DOCTYPE html PUBLIC "-//W3C//DTD XHTML 1.0 Transitional//EN"
    "http://www.w3.org/TR/xhtml1/DTD/xhtml1-transitional.dtd">
<html xmlns="http://www.w3.org/1999/xhtml" xml:lang="en" lang="en">
 <head>
  <title>
</title>
<meta http-equiv="Content-Type" content="text/html;charset=utf-8" />
  <meta name='ocr-system' content='tesseract 3.04.00' />
  <meta name='ocr-capabilities' content='ocr_page ocr_carea ocr_par ocr_line ocrx_word'/>
</head>
<body>
  <div class='ocr_page' id='page_1' title='image "./workshoracewith01lincgoog_0131.png"; bbox 0 0 2742 4250; ppageno 0'>
   <div class='ocr_carea' id='block_1_1' title="bbox 461 534 765 597">
    <p class='ocr_par' dir='ltr' id='par_1_1' title="bbox 461 534 765 597">
     <span class='ocr_line' id='line_1_1' title="bbox 461 534 765 597; baseline -0.007 0"><span class='ocrx_word' id='word_1_1' title='bbox 461 534 642 597; x_wconf 78' lang='lat' dir='ltr'>GARMEN</span> <span class='ocrx_word' id='word_1_2' title='bbox 670 534 765 596; x_wconf 83' lang='lat' dir='ltr'>vm</span> 
     </span>
    </p>
   </div>
   <div class='ocr_carea' id='block_1_2' title="bbox 395 734 829 779">
    <p class='ocr_par' dir='ltr' id='par_1_2' title="bbox 395 734 829 779">
     <span class='ocr_line' id='line_1_2' title="bbox 395 734 829 779; baseline -0.005 -1"><span class='ocrx_word' id='word_1_3' title='bbox 395 734 450 779; x_wconf 71' lang='lat' dir='ltr'>An</span> <span class='ocrx_word' id='word_1_4' title='bbox 483 734 829 779; x_wconf 61' lang='lat' dir='ltr'>rosconmon.</span> 
     </span>
    </p>
   </div>
   <div class='ocr_carea' id='block_1_3' title="bbox 269 927 923 1313">
    <p class='ocr_par' dir='ltr' id='par_1_3' title="bbox 270 927 923 1011">
     <span class='ocr_line' id='line_1_3' title="bbox 270 927 923 1011; baseline -0.011 -12"><span class='ocrx_word' id='word_1_5' title='bbox 270 930 396 999; x_wconf 77' lang='lat' dir='ltr'>Martiis</span> <span class='ocrx_word' id='word_1_6' title='bbox 410 930 537 994; x_wconf 88' lang='lat' dir='ltr'>caelebs</span> <span class='ocrx_word' id='word_1_7' title='bbox 552 929 633 1011; x_wconf 91' lang='lat' dir='ltr'>quid</span> <span class='ocrx_word' id='word_1_8' title='bbox 647 949 750 1011; x_wconf 56' lang='lat' dir='ltr'>agam⁴</span> <span class='ocrx_word' id='word_1_9' title='bbox 761 927 923 1007; x_wconf 80' lang='lat' dir='ltr'>Calendis,</span> 
     </span>
    </p>

    <p class='ocr_par' dir='ltr' id='par_1_4' title="bbox 269 1028 876 1103">
     <span class='ocr_line' id='line_1_4' title="bbox 269 1028 876 1103; baseline -0.008 -8"><span class='ocrx_word' id='word_1_10' title='bbox 269 1034 364 1103; x_wconf 77' lang='lat' dir='ltr'>Quid</span> <span class='ocrx_word' id='word_1_11' title='bbox 378 1030 480 1094; x_wconf 85' lang='lat' dir='ltr'>velint</span> <span class='ocrx_word' id='word_1_12' title='bbox 494 1030 588 1093; x_wconf 86' lang='lat' dir='ltr'>flores</span> <span class='ocrx_word' id='word_1_13' title='bbox 602 1039 634 1092; x_wconf 90' lang='lat' dir='ltr'>et</span> <span class='ocrx_word' id='word_1_14' title='bbox 648 1048 757 1092; x_wconf 84' lang='lat' dir='ltr'>acerra</span> <span class='ocrx_word' id='word_1_15' title='bbox 772 1028 876 1091; x_wconf 85' lang='lat' dir='ltr'>thuris</span> 
     </span>
    </p>

    <p class='ocr_par' dir='ltr' id='par_1_5' title="bbox 270 1127 894 1313">
     <span class='ocr_line' id='line_1_5' title="bbox 270 1127 894 1211; baseline -0.005 -18"><span class='ocrx_word' id='word_1_16' title='bbox 270 1131 382 1209; x_wconf 85' lang='lat' dir='ltr'>Plena,</span> <span class='ocrx_word' id='word_1_17' title='bbox 398 1128 532 1208; x_wconf 86' lang='lat' dir='ltr'>miraris,</span> <span class='ocrx_word' id='word_1_18' title='bbox 547 1128 735 1211; x_wconf 86' lang='lat' dir='ltr'>positusque</span> <span class='ocrx_word' id='word_1_19' title='bbox 748 1128 846 1191; x_wconf 88' lang='lat' dir='ltr'>carbo</span> <span class='ocrx_word' id='word_1_20' title='bbox 860 1127 894 1190; x_wconf 91' lang='lat' dir='ltr'>in</span> 
     </span>
     <span class='ocr_line' id='line_1_6' title="bbox 357 1230 585 1313; baseline -0.009 -20"><span class='ocrx_word' id='word_1_21' title='bbox 357 1230 485 1313; x_wconf 83' lang='lat' dir='ltr'>Cespite</span> <span class='ocrx_word' id='word_1_22' title='bbox 501 1230 585 1309; x_wconf 88' lang='lat' dir='ltr'>vivo,</span> 
     </span>
    </p>
   </div>
   <div class='ocr_carea' id='block_1_4' title="bbox 271 1428 903 1611">
    <p class='ocr_par' dir='ltr' id='par_1_6' title="bbox 271 1428 903 1611">
     <span class='ocr_line' id='line_1_7' title="bbox 272 1428 903 1510; baseline -0.002 -17"><span class='ocrx_word' id='word_1_23' title='bbox 272 1429 375 1493; x_wconf 84' lang='lat' dir='ltr'>Docte</span> <span class='ocrx_word' id='word_1_24' title='bbox 391 1448 554 1492; x_wconf 85' lang='lat' dir='ltr'><strong>sermones</strong></span> <span class='ocrx_word' id='word_1_25' title='bbox 569 1428 737 1510; x_wconf 87' lang='lat' dir='ltr'>utriusque</span> <span class='ocrx_word' id='word_1_26' title='bbox 753 1428 903 1510; x_wconf 80' lang='lat' dir='ltr'>linguaet</span> 
     </span>
     <span class='ocr_line' id='line_1_8' title="bbox 271 1526 860 1611; baseline -0.002 -19"><span class='ocrx_word' id='word_1_27' title='bbox 271 1527 432 1592; x_wconf 84' lang='lat' dir='ltr'>Voveram</span> <span class='ocrx_word' id='word_1_28' title='bbox 446 1526 559 1590; x_wconf 81' lang='lat' dir='ltr'><strong>dulces</strong></span> <span class='ocrx_word' id='word_1_29' title='bbox 574 1527 688 1611; x_wconf 84' lang='lat' dir='ltr'>epulas</span> <span class='ocrx_word' id='word_1_30' title='bbox 702 1536 734 1589; x_wconf 91' lang='lat' dir='ltr'>et</span> <span class='ocrx_word' id='word_1_31' title='bbox 748 1527 860 1592; x_wconf 88' lang='lat' dir='ltr'>album</span> 
     </span>
    </p>
   </div>
   <div class='ocr_carea' id='block_1_5' title="bbox 273 1624 840 1788">
    <p class='ocr_par' dir='ltr' id='par_1_7' title="bbox 273 1624 840 1788">
     <span class='ocr_line' id='line_1_9' title="bbox 273 1624 840 1723; baseline -0.002 -34"><span class='ocrx_word' id='word_1_32' title='bbox 273 1626 388 1691; x_wconf 86' lang='lat' dir='ltr'>Libero</span> <span class='ocrx_word' id='word_1_33' title='bbox 402 1644 546 1710; x_wconf 87' lang='lat' dir='ltr'>caprum,</span> <span class='ocrx_word' id='word_1_34' title='bbox 561 1644 657 1723; x_wconf 85' lang='lat' dir='ltr'>prope</span> <span class='ocrx_word' id='word_1_35' title='bbox 672 1624 840 1689; x_wconf 86' lang='lat' dir='ltr'>funeratus</span> 
     </span>
     <span class='ocr_line' id='line_1_10' title="bbox 357 1723 578 1788; baseline -0.005 0"><span class='ocrx_word' id='word_1_36' title='bbox 357 1725 487 1788; x_wconf 83' lang='lat' dir='ltr'>Arboris</span> <span class='ocrx_word' id='word_1_37' title='bbox 502 1723 578 1788; x_wconf 87' lang='lat' dir='ltr'><strong>ictu.</strong></span> 
     </span>
    </p>
   </div>
   <div class='ocr_carea' id='block_1_6' title="bbox 273 1922 922 2106">
    <p class='ocr_par' dir='ltr' id='par_1_8' title="bbox 273 1922 922 2106">
     <span class='ocr_line' id='line_1_11' title="bbox 273 1922 806 1987; baseline -0.006 0"><span class='ocrx_word' id='word_1_38' title='bbox 273 1924 337 1987; x_wconf 85' lang='lat' dir='ltr'>Hic</span> <span class='ocrx_word' id='word_1_39' title='bbox 351 1922 420 1986; x_wconf 88' lang='lat' dir='ltr'>dies</span> <span class='ocrx_word' id='word_1_40' title='bbox 435 1943 522 1986; x_wconf 85' lang='lat' dir='ltr'>anno</span> <span class='ocrx_word' id='word_1_41' title='bbox 536 1922 689 1987; x_wconf 78' lang='lat' dir='ltr'>redeunte</span> <span class='ocrx_word' id='word_1_42' title='bbox 704 1922 806 1985; x_wconf 82' lang='lat' dir='ltr'>festus</span> 
     </span>
     <span class='ocr_line' id='line_1_12' title="bbox 275 2022 922 2106; baseline -0.002 -19"><span class='ocrx_word' id='word_1_43' title='bbox 275 2024 435 2087; x_wconf 83' lang='lat' dir='ltr'>Corticem</span> <span class='ocrx_word' id='word_1_44' title='bbox 449 2022 640 2087; x_wconf 83' lang='lat' dir='ltr'>adstrictum</span> <span class='ocrx_word' id='word_1_45' title='bbox 653 2022 724 2106; x_wconf 87' lang='lat' dir='ltr'>pice</span> <span class='ocrx_word' id='word_1_46' title='bbox 739 2022 922 2086; x_wconf 76' lang='lat' dir='ltr'>demovebit</span> 
     </span>
    </p>
   </div>
   <div class='ocr_carea' id='block_1_7' title="bbox 277 2121 973 2286">
    <p class='ocr_par' dir='ltr' id='par_1_9' title="bbox 277 2121 973 2286">
     <span class='ocr_line' id='line_1_13' title="bbox 277 2121 916 2208; baseline -0.003 -20"><span class='ocrx_word' id='word_1_47' title='bbox 277 2123 470 2208; x_wconf 87' lang='lat' dir='ltr'>Amphorae‚</span> <span class='ocrx_word' id='word_1_48' title='bbox 485 2121 615 2186; x_wconf 86' lang='lat' dir='ltr'>fumum</span> <span class='ocrx_word' id='word_1_49' title='bbox 629 2122 736 2188; x_wconf 87' lang='lat' dir='ltr'>bibere</span> <span class='ocrx_word' id='word_1_50' title='bbox 751 2122 916 2187; x_wconf 80' lang='lat' dir='ltr'>institutae</span> 
     </span>
     <span class='ocr_line' id='line_1_14' title="bbox 359 2221 973 2286; baseline -0.003 0"><span class='ocrx_word' id='word_1_51' title='bbox 359 2222 502 2286; x_wconf 78' lang='lat' dir='ltr'>Consule</span> <span class='ocrx_word' id='word_1_52' title='bbox 517 2221 628 2286; x_wconf 77' lang='lat' dir='ltr'>Tullo.</span> <span class='ocrx_word' id='word_1_53' title='bbox 969 2229 973 2236; x_wconf 83' lang='grc'><strong>’</strong></span> 
     </span>
    </p>
   </div>
   <div class='ocr_carea' id='block_1_8' title="bbox 274 2421 910 2784">
    <p class='ocr_par' dir='ltr' id='par_1_10' title="bbox 274 2421 847 2505">
     <span class='ocr_line' id='line_1_15' title="bbox 274 2421 847 2505; baseline 0 -20"><span class='ocrx_word' id='word_1_54' title='bbox 274 2421 385 2502; x_wconf 84' lang='lat' dir='ltr'>Sume,</span> <span class='ocrx_word' id='word_1_55' title='bbox 401 2422 583 2502; x_wconf 88' lang='lat' dir='ltr'>Maecenas,</span> <span class='ocrx_word' id='word_1_56' title='bbox 599 2423 735 2505; x_wconf 79' lang='lat' dir='ltr'><strong>cyathos</strong></span> <span class='ocrx_word' id='word_1_57' title='bbox 750 2421 847 2486; x_wconf 87' lang='lat' dir='ltr'>amici</span> 
     </span>
    </p>

    <p class='ocr_par' dir='ltr' id='par_1_11' title="bbox 275 2521 905 2605">
     <span class='ocr_line' id='line_1_16' title="bbox 275 2521 905 2605; baseline 0.003 -21"><span class='ocrx_word' id='word_1_58' title='bbox 275 2521 409 2603; x_wconf 82' lang='lat' dir='ltr'>Sospitis</span> <span class='ocrx_word' id='word_1_59' title='bbox 423 2532 565 2601; x_wconf 88' lang='lat' dir='ltr'>centum,</span> <span class='ocrx_word' id='word_1_60' title='bbox 580 2531 612 2584; x_wconf 88' lang='lat' dir='ltr'>et</span> <span class='ocrx_word' id='word_1_61' title='bbox 627 2522 741 2605; x_wconf 85' lang='lat' dir='ltr'>vigiles</span> <span class='ocrx_word' id='word_1_62' title='bbox 755 2521 905 2586; x_wconf 89' lang='lat' dir='ltr'>lucernas</span> 
     </span>
    </p>

    <p class='ocr_par' dir='ltr' id='par_1_12' title="bbox 275 2617 910 2784">
     <span class='ocr_line' id='line_1_17' title="bbox 275 2617 910 2703; baseline 0.003 -21"><span class='ocrx_word' id='word_1_63' title='bbox 275 2617 383 2682; x_wconf 83' lang='lat' dir='ltr'>Perfer</span> <span class='ocrx_word' id='word_1_64' title='bbox 399 2619 433 2683; x_wconf 94' lang='lat' dir='ltr'>in</span> <span class='ocrx_word' id='word_1_65' title='bbox 448 2620 574 2684; x_wconf 87' lang='lat' dir='ltr'>lucem:</span> <span class='ocrx_word' id='word_1_66' title='bbox 596 2621 707 2703; x_wconf 90' lang='lat' dir='ltr'>procul</span> <span class='ocrx_word' id='word_1_67' title='bbox 722 2622 827 2685; x_wconf 88' lang='lat' dir='ltr'>omnis</span> <span class='ocrx_word' id='word_1_68' title='bbox 842 2632 910 2684; x_wconf 88' lang='lat' dir='ltr'>esto</span> 
     </span>
     <span class='ocr_line' id='line_1_18' title="bbox 361 2720 607 2784; baseline 0.008 -2"><span class='ocrx_word' id='word_1_69' title='bbox 361 2720 492 2783; x_wconf 87' lang='lat' dir='ltr'>Clamor</span> <span class='ocrx_word' id='word_1_70' title='bbox 506 2729 537 2782; x_wconf 88' lang='lat' dir='ltr'>et</span> <span class='ocrx_word' id='word_1_71' title='bbox 552 2720 607 2784; x_wconf 89' lang='lat' dir='ltr'>ira.</span> 
     </span>
    </p>
   </div>
   <div class='ocr_carea' id='block_1_9' title="bbox 274 2919 835 3298">
    <p class='ocr_par' dir='ltr' id='par_1_13' title="bbox 274 2919 835 3003">
     <span class='ocr_line' id='line_1_19' title="bbox 274 2919 835 3003; baseline 0.007 -21"><span class='ocrx_word' id='word_1_72' title='bbox 274 2919 368 2982; x_wconf 87' lang='lat' dir='ltr'>Mitte</span> <span class='ocrx_word' id='word_1_73' title='bbox 382 2919 494 2983; x_wconf 89' lang='lat' dir='ltr'>civiles</span> <span class='ocrx_word' id='word_1_74' title='bbox 510 2940 605 3003; x_wconf 86' lang='lat' dir='ltr'>super</span> <span class='ocrx_word' id='word_1_75' title='bbox 619 2921 706 2986; x_wconf 83' lang='lat' dir='ltr'>Urbe</span> <span class='ocrx_word' id='word_1_76' title='bbox 720 2941 835 2986; x_wconf 82' lang='lat' dir='ltr'>curas:</span> 
     </span>
    </p>

    <p class='ocr_par' dir='ltr' id='par_1_14' title="bbox 274 3017 816 3103">
     <span class='ocr_line' id='line_1_20' title="bbox 274 3017 816 3103; baseline 0 -21"><span class='ocrx_word' id='word_1_77' title='bbox 274 3017 403 3082; x_wconf 85' lang='lat' dir='ltr'><strong>Occidit</strong></span> <span class='ocrx_word' id='word_1_78' title='bbox 416 3019 500 3083; x_wconf 91' lang='lat' dir='ltr'>Daci</span> <span class='ocrx_word' id='word_1_79' title='bbox 515 3019 675 3084; x_wconf 84' lang='lat' dir='ltr'>Cotisonis</span> <span class='ocrx_word' id='word_1_80' title='bbox 689 3040 816 3103; x_wconf 87' lang='lat' dir='ltr'>agmen,</span> 
     </span>
    </p>

    <p class='ocr_par' dir='ltr' id='par_1_15' title="bbox 275 3116 790 3298">
     <span class='ocr_line' id='line_1_21' title="bbox 275 3116 790 3182; baseline 0.006 -3"><span class='ocrx_word' id='word_1_81' title='bbox 275 3116 393 3180; x_wconf 88' lang='lat' dir='ltr'>Medus</span> <span class='ocrx_word' id='word_1_82' title='bbox 408 3116 545 3182; x_wconf 85' lang='lat' dir='ltr'>infestus</span> <span class='ocrx_word' id='word_1_83' title='bbox 560 3119 620 3182; x_wconf 87' lang='lat' dir='ltr'>sibi</span> <span class='ocrx_word' id='word_1_84' title='bbox 635 3119 790 3182; x_wconf 88' lang='lat' dir='ltr'>luctuosis</span> 
     </span>
     <span class='ocr_line' id='line_1_22' title="bbox 359 3217 623 3298; baseline 0 -18"><span class='ocrx_word' id='word_1_85' title='bbox 359 3217 502 3280; x_wconf 85' lang='lat' dir='ltr'>Dissidet</span> <span class='ocrx_word' id='word_1_86' title='bbox 517 3218 623 3298; x_wconf 86' lang='lat' dir='ltr'>armis,</span> 
     </span>
    </p>
   </div>
   <div class='ocr_carea' id='block_1_10' title="bbox 275 3415 984 3595">
    <p class='ocr_par' dir='ltr' id='par_1_16' title="bbox 275 3415 984 3595">
     <span class='ocr_line' id='line_1_23' title="bbox 275 3415 875 3499; baseline 0.003 -21"><span class='ocrx_word' id='word_1_87' title='bbox 275 3415 382 3479; x_wconf 84' lang='lat' dir='ltr'>Servit</span> <span class='ocrx_word' id='word_1_88' title='bbox 395 3416 562 3499; x_wconf 81' lang='lat' dir='ltr'>Hispanae</span> <span class='ocrx_word' id='word_1_89' title='bbox 580 3426 672 3479; x_wconf 82' lang='lat' dir='ltr'>vetus</span> <span class='ocrx_word' id='word_1_90' title='bbox 687 3417 788 3480; x_wconf 89' lang='lat' dir='ltr'>hostis</span> <span class='ocrx_word' id='word_1_91' title='bbox 803 3437 875 3480; x_wconf 88' lang='lat' dir='ltr'>orae</span> 
     </span>
     <span class='ocr_line' id='line_1_24' title="bbox 275 3509 984 3595; baseline 0.003 -19"><span class='ocrx_word' id='word_1_92' title='bbox 275 3514 447 3595; x_wconf 79' lang='lat' dir='ltr'>Cantaber,</span> <span class='ocrx_word' id='word_1_93' title='bbox 463 3535 535 3579; x_wconf 87' lang='lat' dir='ltr'>sera</span> <span class='ocrx_word' id='word_1_94' title='bbox 549 3513 691 3579; x_wconf 89' lang='lat' dir='ltr'>domitus</span> <span class='ocrx_word' id='word_1_95' title='bbox 709 3528 832 3595; x_wconf 86' lang='lat' dir='ltr'>catena,</span> <span class='ocrx_word' id='word_1_96' title='bbox 980 3509 984 3516; x_wconf 73' lang='grc'><strong>’</strong></span> 
     </span>
    </p>
   </div>
   <div class='ocr_carea' id='block_1_11' title="bbox 262 3711 970 3774">
    <p class='ocr_par' dir='ltr' id='par_1_17' title="bbox 262 3711 970 3774">
     <span class='ocr_line' id='line_1_25' title="bbox 262 3711 970 3774; baseline 0.008 -12"><span class='ocrx_word' id='word_1_97' title='bbox 262 3711 345 3763; x_wconf 85' lang='lat' dir='ltr'>Criii</span> <span class='ocrx_word' id='word_1_98' title='bbox 367 3714 405 3764; x_wconf 86' lang='lat'>10.</span> <span class='ocrx_word' id='word_1_99' title='bbox 424 3715 693 3774; x_wconf 58' lang='lat' dir='ltr'>dnnoveortssrelliue.</span> <span class='ocrx_word' id='word_1_100' title='bbox 828 3717 858 3765; x_wconf 90' lang='lat'>15</span> <span class='ocrx_word' id='word_1_101' title='bbox 884 3713 970 3768; x_wconf 58' lang='lat' dir='ltr'>&amp;osen</span> 
     </span>
    </p>
   </div>
   <div class='ocr_carea' id='block_1_12' title="bbox 0 0 1386 4250">
    <p class='ocr_par' dir='ltr' id='par_1_18' title="bbox 0 0 1386 4250">
     <span class='ocr_line' id='line_1_26' title="bbox 0 0 1386 4250; baseline 0 0"><span class='ocrx_word' id='word_1_102' title='bbox 0 0 1386 4250; x_wconf 95' lang='lat' dir='ltr'> </span> 
     </span>
    </p>
   </div>
  </div>
 </body>
</html>
