2742 4250
652 302 851 354 enormium

415 463 513 532 Quae
529 460 626 524 simul
640 470 773 524 centum
787 461 891 543 tetigit
904 470 1066 542 potentem

416 560 552 644 Oppidis
567 561 703 624 Creten:
724 561 828 638 Pater,
843 579 863 622 o
876 561 1028 626 relictum

417 661 520 724 Filiae
535 680 662 740 nomen,
673 659 857 744 pietasque,
870 659 960 738 dixit,

500 759 595 824 Victa
609 759 714 822 furore
727 760 735 822 i

418 972 537 1038 Unde?
569 974 647 1043 Quo
662 973 763 1035 venii
800 972 898 1035 Levis
913 991 980 1034 una
994 990 1080 1033 mors
1094 981 1141 1033 est

418 1073 589 1155 Virginum
603 1073 728 1155 eulpae.
772 1071 960 1154 vigilansne
974 1069 1063 1153 ploro

419 1173 531 1255 'I'urpe
546 1172 765 1251 commissum,
781 1191 825 1234 an
840 1171 927 1233 vitiis
941 1180 1104 1232 carentem

504 1271 604 1334 Ludit
619 1273 726 1353 imago

419 1485 520 1563 Vana,
536 1505 620 1565 quae
635 1496 726 1566 porta
740 1484 869 1566 fugiens
883 1481 1012 1547 eburrra'

421 1583 592 1646 Somnium
607 1583 696 1646 ducit
704 1584 721 1667 ¹?
765 1585 925 1646 Meliusne
940 1583 1059 1646 fluetus

420 1683 469 1746 Ire
484 1702 539 1765 per
553 1682 664 1764 longos
679 1682 749 1762 fuit,
765 1704 808 1746 an
822 1694 965 1746 recentes

505 1783 642 1864 Carpere
657 1781 775 1845 tiores?

421 1997 457 2060 Si
471 1996 544 2078 quis
560 1996 714 2059 infamem
729 1997 810 2059 mihi
825 2017 912 2060 nune
922 1999 1100 2080 Juvencum

421 2095 529 2159 Dedat
543 2096 651 2177 iratae,
667 2095 807 2159 lacerare
822 2096 902 2160 ferro
916 2106 948 2160 et

423 2197 584 2279 Frangere
599 2197 702 2259 enitar
716 2196 812 2260 modo
826 2196 966 2260 muitum
982 2196 1080 2259 amati

505 2295 637 2358 Cornua
652 2297 794 2360 monstri.

422 2493 598 2576 impudens
614 2495 695 2576 liqui
710 2496 828 2577 patrios
844 2496 989 2574 Penates,

336 2666 340 2673 Ι
423 2593 599 2676 Impudens
615 2593 738 2658 Orcum
753 2614 864 2657 moror.
908 2594 1085 2658 Odeorum

422 2692 458 2755 Si
472 2692 546 2774 quis
561 2693 642 2756 haee
658 2692 761 2769 audis
777 2694 902 2756 utinam
919 2694 999 2756 inter
1012 2712 1112 2756 errem

507 2790 606 2856 Nuda
621 2792 748 2855 leones!

325 3030 329 3057 t
423 2990 609 3070 Antequam
624 2991 725 3072 turpis
740 2992 860 3053 macies
875 2991 1023 3053 docentes

423 3088 570 3171 Occupet
584 3089 689 3151 malas
705 3100 896 3172 teneraeque
911 3109 1029 3153 succus

423 3186 556 3251 Defluat
569 3186 715 3269 praedae,
732 3190 876 3270 speciosa
891 3209 1010 3271 quaero

507 3286 642 3349 Pascere
660 3287 765 3369 tigres

426 3480 504 3545 Vilis
519 3483 657 3567 Europe,
673 3494 762 3567 pater
777 3496 869 3568 urget
883 3487 1017 3548 absens:

423 3581 516 3651 Quid
531 3583 611 3647 mori
624 3585 757 3648 cessas?
800 3586 894 3648 Potes
909 3585 971 3648 hae
986 3585 1028 3647 ab
1042 3601 1119 3646 orno

628 3840 631 3847 ¹
701 3784 742 3833 48.
761 3795 829 3832 taum.

1225 659 1265 721 35
