2742 4250
653 261 799 312 multon
814 299 816 304 ,

377 422 463 485 Cum
480 420 588 490 Pullus
603 428 676 481 usto
692 420 784 482 vertit
798 419 881 482 iram
896 421 937 482 ab
951 417 1011 482 Ilio

419 522 459 584 In
476 520 611 603 impiam
625 518 733 602 Ajecis
747 528 858 584 retem.
1217 576 1219 582 .

382 619 568 701 Oquantus
583 619 681 680 instat
696 617 927 680 navitis'sudor
942 616 1015 696 tuis,
1058 673 1060 678 .
1110 625 1113 632 ’
1202 617 1238 679 lb
1348 669 1351 676 r

420 719 562 799 Tibique
577 717 679 801 pallor
694 717 809 794 luteus,
879 775 880 780 ,

379 818 423 880 Et
438 816 494 879 illa
508 837 574 880 non
589 816 689 879 virilis
705 815 841 899 ejulatio,

420 917 535 979 Preces
549 925 580 977 et
595 935 747 978 aversum
762 914 804 976 ad
820 913 943 993 Jovem,

377 1015 489 1078 Ionius
504 1014 569 1078 udo
582 1034 659 1076 cum
674 1014 858 1095 remugiens
873 1014 963 1076 sinus
989 1073 994 1083 ,

419 1115 503 1178 Noto
517 1115 662 1177 carinam
676 1113 814 1196 ruperit!

378 1214 497 1296 Opima
511 1213 629 1295 quodsi
642 1211 762 1296 praeda
776 1231 876 1274 curvo
891 1211 993 1275 littore
1041 1207 1044 1213 “

420 1314 568 1376 Porrecta
582 1333 709 1396 mergos
720 1312 851 1396 juveris,
923 1335 926 1340 ·

376 1412 585 1476 libidinosus
599 1410 819 1476 immolabitur
832 1431 927 1495 caper

419 1512 464 1591 Et
477 1531 564 1594 agna
578 1512 851 1595 Tempestatibus

669 1800 787 1810 ..—

589 2011 777 2073 ornum
805 2011 896 2072 xrs·
960 1983 962 1988 ’

427 2226 430 2231 .
545 2196 607 2238 no
645 2171 913 2253 e'rrrurun.

305 2342 395 2422 Perti,
411 2341 491 2404 nibil
508 2362 568 2422 me,
585 2342 669 2406 sicut
683 2354 788 2425 antea,
800 2345 895 2428 juvet

345 2440 489 2505 Scribere
503 2442 687 2523 versiculos,
704 2463 812 2507 amore
826 2463 1015 2526 percussum
1031 2462 1130 2525 gravi,

303 2541 430 2620 Amore,
445 2541 502 2622 qui
518 2561 569 2605 mc
584 2535 708 2625 praeter
722 2563 835 2607 omnes
849 2544 970 2626 expetit

347 2639 500 2703 Mollibus
515 2641 549 2703 in
564 2643 671 2723 pueris
686 2644 793 2707 autin
809 2643 925 2725 puellis
940 2664 1038 2707 urere.

303 2739 366 2802 Hic
381 2740 492 2803 tertius
509 2741 694 2821 December,
711 2764 753 2805 ex
768 2763 834 2825 quo,
849 2743 956 2807 destiti

345 2839 480 2917 Inachia
494 2839 607 2920 furere,
623 2841 714 2905 silvis
730 2843 884 2905 honorem
900 2842 1029 2905 decutit.

303 2936 379 2999 Heu
393 2940 464 3002 me!
480 2959 542 3028 „per
558 2941 800 3005 Urbem—nam
815 2941 912 3023 pudet
929 2942 1010 3005 tanti
1025 2940 1147 3003 mali-

345 3037 474 3101 Fabula
488 3050 611 3120 quanta
629 3040 696 3104 fui!
742 3042 975 3114 Conviviorum
989 3050 1021 3103 et
1036 3040 1184 3122 poenitet,

303 3135 341 3197 In
356 3131 430 3216 quts
445 3149 610 3200 amantem
626 3138 762 3217 languor
777 3151 809 3202 et
823 3140 986 3203 silentium

347 3233 469 3315 Argum
484 3246 517 3298 et
531 3236 628 3299 latere
642 3239 762 3319 petitus
776 3239 842 3301 imo
858 3240 995 3321 spiritus.
1068 3248 1071 3253 “
1202 3238 1238 3301 tu

252 3353 254 3356 ·
303 3331 465 3395 Contrane
484 3334 611 3399 lucrum
625 3336 671 3399 nil
686 3337 792 3400 valere
808 3337 986 3401 candidum

344 3432 500 3515 Pauperis
516 3435 707 3517 ingenium?
729 3437 885 3518 querebar
900 3436 1071 3519 applorans
1087 3434 1152 3513 tibi,

317 3599 346 3648 0.
359 3617 383 3651 x.
398 3603 436 3660 19,
445 3604 485 3653 20.
503 3605 556 3654 sinu
569 3603 657 3654 Notus.
724 3606 764 3655 22.
783 3602 902 3668 Projecta,
914 3606 943 3655 de
955 3606 1017 3670 conj.
1025 3619 1036 3661 ,⁰
1049 3604 1144 3666 juverit

271 3678 299 3734 (l.
310 3683 343 3732 xi.
354 3683 378 3733 2.
395 3685 538 3745 perculsum.
605 3689 628 3738 Β.
646 3698 672 3735 ut
683 3689 800 3749 poenitet.
867 3689 891 3737 9.
909 3697 1032 3737 umentem
1045 3696 1069 3736 et
1080 3685 1180 3747 longum

452 3817 459 3827 ,
530 3777 534 3783 ’
635 3772 672 3817 ll.
692 3778 828 3827 contraque.
