2742 4250
489 255 661 306 uranum
713 255 810 305 nrr
1079 239 1150 308 289

136 418 195 484 llle
209 415 339 482 Bioneis
354 414 563 498 sermonibus
568 423 600 476 et
614 412 681 476 sale
694 411 796 494 nigro.
1110 413 1154 476 ou

133 519 221 582 'I'res
235 506 317 579 mihi
332 515 490 591 convivae
504 533 600 596 prope
616 512 783 576 dissentire
797 511 956 591 videntur,

137 619 311 680 Poscentes
326 613 416 675 vario
430 612 571 675 multum
586 612 714 674 diversa
727 610 844 693 palato.

135 713 230 785 Quid
245 712 346 776 deml
368 711 448 794 quid
463 730 529 799 non
540 710 639 774 dem?
672 709 796 773 Reuuis
807 719 852 788 tu,
862 707 950 791 quod
960 709 1051 792 jubet
1059 709 1154 791 alten

138 812 241 884 Quod
256 811 346 894 petis,
362 811 395 874 id
411 830 490 874 saue
505 819 553 874 est
568 810 710 873 invisum
726 809 921 890 acidumque
935 808 1072 871 duobus.

140 915 272 975 Praeter
286 920 399 990 cetera,
416 929 468 972 me
484 909 649 974 Romaene
664 918 812 991 poemata
826 927 938 970 censes
1115 909 1156 971 65

136 1011 283 1074 Scribere
298 1029 391 1092 posse
406 1009 489 1072 iuter
503 1019 548 1072 tot
562 1028 657 1071 curas
672 1017 782 1089 totque
797 1007 943 1084 laboresl

137 1111 201 1172 Hic
219 1128 375 1191 sponsum
390 1118 494 1187 vocat,
509 1107 727 1192 hicauditum
743 1106 860 1187 scripta
874 1106 991 1169 relictis

138 1209 304 1272 Omnibus
319 1206 450 1270 officiis:
473 1208 571 1292 cubat
586 1207 638 1270 hic
655 1207 689 1270 in
703 1206 785 1270 colle
799 1206 939 1286 Quirini,
1047 1239 1050 1244 ·

138 1309 202 1370 llic
218 1318 362 1370 extremo
377 1306 411 1368 iu
426 1307 596 1392 Aventina
610 1305 766 1390 ¹visendus
782 1317 932 1387 uterque:

138 1406 315 1470 Intervalla
329 1405 420 1468 vides
435 1405 581 1494 humane
595 1405 940 1488 commoda—Verum
1116 1405 1159 1468 tu

138 1507 246 1570 Purae
261 1515 338 1568 sunt
352 1504 485 1587 plateae,
502 1505 584 1568 nihil
599 1516 636 1570 ut
650 1505 879 1583 meditantibus
893 1506 1048 1570 obstet.—

141 1605 291 1682 Festinat
305 1603 430 1666 calidus
446 1593 544 1670 mulis
560 1604 942 1688 gerulisqueredemptor,

140 1705 288 1785 Torquet
303 1720 391 1766 nuuc,
406 1702 557 1786 lapidem,
572 1723 661 1788 nuuc
676 1704 791 1786 iugens
807 1705 961 1769 machina
975 1704 1110 1786 tignum,
1152 1769 1155 1772 ,

141 1803 266 1868 Tristia
281 1802 418 1866 robustis
433 1803 598 1866 luctantur
612 1802 729 1866 lunera
742 1803 908 1886 plaustris,

141 1903 215 1966 Hae
230 1902 356 1965 rabiosa
370 1899 448 1965 furit
462 1901 563 1982 cauis,
577 1903 639 1965 hac
655 1901 815 1965 lutulenta
829 1902 892 1966 ruit
906 1921 982 1964 sus:
1117 1902 1157 1965 ts

141 2003 155 2065 l
173 2021 261 2064 nune
276 2011 308 2064 et
322 2020 435 2063 versus
452 2011 559 2064 tecum
573 2001 734 2064 meditare.
744 2021 886 2065 canoros.
981 2070 984 2075 ⁴
1061 2068 1063 2073 ,

141 2101 341 2184 Scriptorum
356 2101 474 2165 chorus
489 2101 594 2165 omnis
609 2112 699 2165 amat
712 2120 837 2183 nemus,
851 2111 884 2165 et
898 2099 981 2183 fugit
995 2100 1115 2179 urbem,

142 2202 216 2265 Rite
230 2201 331 2264 cliens
346 2202 470 2264 Bacchi
482 2220 596 2263 somno
611 2201 782 2288 gaudentis
796 2213 829 2264 et
842 2202 977 2282 umbra3

142 2301 202 2364 'I'u
216 2320 268 2362 rue
284 2299 365 2363 inter
379 2300 529 2383 strepitus
544 2311 717 2363 nocturnos
732 2310 830 2383 atque
843 2300 976 2364 diurnos

142 2400 200 2464 Vis
215 2418 338 2479 cauere,
353 2408 385 2461 et
399 2410 562 2462 contracta
577 2400 668 2481 sequi
684 2400 820 2484 vestigia
833 2401 971 2463 vatuml
1118 2399 1160 2462 80

143 2498 324 2581 Ingenium,
341 2498 400 2562 sibi
416 2498 503 2580 quod
521 2518 641 2562 vacuas
656 2498 835 2582 desumpsit
849 2500 996 2564 Athenas

143 2598 190 2661 Et
204 2596 319 2660 studiis
334 2616 437 2659 annos
453 2609 575 2680 septem
590 2597 678 2660 dedit
692 2598 901 2681 insenuitque·

143 2696 249 2761 Libris
264 2707 296 2758 et
310 2697 404 2776 curis,
420 2706 529 2759 statua
544 2697 735 2761 taciturnius
749 2698 817 2761 exit

144 2796 340 2876 Plerumque
355 2806 386 2858 et
402 2796 468 2859 risu
483 2796 640 2879 populum
654 2797 779 2879 quatit:
801 2796 854 2859 hie
868 2816 935 2878 egoi
952 2814 1058 2870 rerum

145 2894 317 2957 Fluctibus
332 2894 365 2956 in
381 2894 495 2957 mediis
510 2906 542 2957 et
557 2896 799 2979 tempestatibus
814 2895 910 2974 urbis,
1120 2894 1161 2958 85

145 2994 251 3057 Verba
266 2993 355 3075 lyrae
370 3007 497 3057 motura
512 3013 630 3057 sonum
643 3005 831 3058 connectere
845 2992 981 3075 digner?

146 3094 259 3155 Frater
273 3102 341 3154 erat
356 3092 478 3155 Rornae
493 3094 631 3156 consulti
647 3094 760 3175 rhetor,
775 3103 813 3156 ut
826 3092 906 3156 alter

146 3190 289 3254 Alterius
304 3210 449 3254 sermone
466 3212 568 3255 meros
583 3192 710 3256 audiret
723 3194 868 3273 honores,

146 3290 316 3353 Gracchus
331 3302 367 3353 ut
381 3291 435 3354 hic
451 3292 497 3353 illi
512 3292 600 3373 foret,
615 3293 692 3354 huic
708 3303 745 3355 ut
759 3293 890 3355 Mucius
904 3292 966 3355 ille.

147 3390 219 3457 Qut
233 3389 343 3452 miuus
358 3401 489 3472 argutos
504 3401 602 3453 vexat
616 3390 703 3455 furor
718 3391 778 3454 iste
791 3391 927 3475 poetas?
1122 3390 1163 3453 eu

153 3485 301 3550 Carmina
316 3487 481 3572 compono,
498 3490 550 3551 hie
565 3489 681 3573 elegos.
726 3489 874 3553 Mirabile
888 3490 963 3553 visu

408 3782 410 3787 ,
465 3720 505 3769 77.
523 3720 600 3769 urbes.
666 3718 699 3769 80
724 3726 843 3769 ooutacts.
