2742 4250
214 230 282 300 292
592 238 848 292 nrnmnranu

211 405 280 476 uui
296 413 327 466 te
341 401 444 486 pascit
458 419 541 484 ager,
559 409 634 464 tuus
648 409 706 478 est,
722 408 755 461 et
768 396 898 461 villicus
913 395 1001 476 Orbi,
1171 397 1231 462 1611

211 506 298 568 Cum
313 512 437 585 segetes
451 510 543 564 occat
556 500 613 563 tibi
628 519 706 562 mox
721 497 883 561 frumenta
897 493 1039 576 daturas,

212 606 263 668 Te
278 603 447 666 dominum
460 601 566 664 sentit.
611 599 681 663 Das
696 616 858 677 nummos,
874 596 995 678 accipis
1009 614 1122 676 uvam,

215 702 333 782 Pullos,
348 720 419 780 ova,
434 700 555 764 cadum
570 699 700 762 temeti:
723 717 840 780 nempe
854 695 951 760 modo
965 695 1027 758 isto

215 802 388 866 Paullatim
403 800 553 864 mercaris
568 817 693 881 agrurn,
709 795 843 860 fortasse
857 796 1014 875 trecentis,

212 904 280 966 Ant
295 902 394 966 etiam
409 920 515 981 supra,
530 917 741 964 nummorum
756 897 899 960 millibus
913 907 1069 978 emptum.
1174 898 1234 962 166

213 1001 306 1073 Quid
321 1000 422 1081 refert,
439 1000 533 1062 vivas
548 1008 718 1062 numerato
732 1017 835 1080 nuper
849 1016 894 1060 au
906 995 1010 1060 oliml

214 1101 349 1184 Emptor
363 1098 485 1164 Aricini
499 1097 667 1182 quondam
681 1097 825 1161 Veientis
838 1106 872 1160 et
884 1095 955 1160 arvi

214 1199 372 1280 Emptum
386 1208 500 1261 coenat
514 1198 595 1278 olus,
611 1197 764 1279 quamvis
779 1196 872 1260 aliter
884 1205 998 1278 putat3
1021 1195 1139 1278 emptis

213 1299 284 1364 Sub
297 1308 425 1362 noctem
439 1296 580 1381 gelidam
595 1296 692 1380 lignis
705 1295 877 1360 calefactat
891 1296 1054 1377 ahenum3

214 1399 279 1463 Sed
293 1409 387 1462 vocat
402 1417 506 1479 usque
520 1415 628 1478 suum,
642 1415 709 1479 qua
723 1396 863 1478 populus
878 1395 984 1460 adsita
994 1396 1093 1460 certis
1173 1397 1235 1462 1711
1357 1484 1358 1487 ¹

213 1499 387 1562 Limitibus
401 1497 510 1560 vicina
524 1495 642 1578 refugit
652 1497 778 1580 jurgia:
800 1506 961 1577 tanquam
1020 1547 1023 1550 .

214 1599 263 1663 Sit
277 1598 439 1681 proprium
454 1594 644 1678 quidquam,
659 1606 780 1678 puncto
792 1595 880 1677 qnod
895 1595 1023 1659 mobilis
1037 1595 1136 1657 horae

214 1699 311 1764 Nunc
326 1716 427 1781 prece,
442 1715 532 1760 nunc
546 1696 655 1778 pretio,
671 1715 761 1758 nunc
775 1696 819 1774 vi,
833 1714 923 1758 nunc
937 1705 1038 1758 morte
1052 1714 1204 1778 suprema

218 1799 377 1862 Permutat
392 1796 538 1860 dominos
553 1805 585 1860 11
598 1795 695 1859 cedat
708 1795 743 1858 iu
757 1795 860 1866 altera
866 1796 951 1879 jnra

214 1899 277 1978 Sic,
293 1898 370 1981 quia
384 1907 557 1980 perpetuus
572 1895 654 1962 nulli
669 1893 764 1958 datur
779 1914 868 1976 usus,
883 1906 916 1958 et
929 1896 1023 1959 heres
1096 1932 1099 1937 <
1175 1898 1237 1962 175

214 1997 375 2061 Heredem
390 1996 521 2061 alterius
537 1995 627 2060 velut
641 1994 732 2059 unda
746 1996 931 2078 supervenit
945 1995 1077 2076 nudam,

214 2096 307 2167 uuid
322 2096 385 2161 vici
400 2106 533 2179 prosunt
548 2105 605 2160 aut
620 2095 756 2160 11111111
778 2095 900 2177 quidve
915 2095 1063 2161 Calabris

214 2196 357 2261 Saltibus
372 2196 487 2279 adjecti
503 2196 637 2275 Lucani,
653 2196 683 2265 si
697 2196 787 2259 metit
802 2195 907 2259 Orcus

214 2294 358 2358 Grandia
372 2314 450 2358 cum
466 2296 581 2377 parvis,
598 2314 661 2359 non
678 2295 850 2362 exorabilis
864 2295 966 2359 aurel
1097 2331 1104 2335 ·

214 2396 378 2474 Gemmas,
393 2414 541 2472 marmor,
557 2396 644 2475 ebur,
661 2395 836 2478 Tyrrhena
850 2395 966 2477 sigilla,
982 2395 1127 2477 tabellas,
1176 2399 1236 2465 18⁰
1356 2487 1357 2504 χ

214 2496 402 2577 Argentum,
419 2504 524 2558 vestes
539 2494 677 2559 Gaetulo
692 2495 815 2559 murice
829 2495 955 2575 tinctas,

214 2596 300 2659 Sunt
314 2594 371 2677 qui
386 2614 453 2658 non
467 2595 627 2677 lrabeant3
649 2604 700 2659 est
713 2594 852 2676 quinon
865 2605 958 2659 curat
972 2595 1099 2659 habere.

215 2696 282 2758 Cur
296 2695 377 2758 alter
391 2693 527 2759 fratrum
541 2710 667 2760 cessare
681 2705 714 2759 et
729 2694 839 2759 ludere
853 2705 887 2760 et
900 2695 981 2777 uugi
1106 2760 1111 2765 .

215 2794 376 2859 Praeferat
391 2794 527 2859 Herodis
541 2794 692 2878 palmetis
706 2795 892 2878 pinguibus,
905 2795 990 2860 alter

216 2896 317 2960 llives
331 2905 362 2958 11
378 2894 580 2977 importunus
595 2894 638 2959 ad
654 2897 803 2963 umbram
818 2895 901 2961 lucis
916 2897 1044 2961 abortu
1058 2958 1062 2963 ,
1176 2897 1234 2962 ret

214 2994 400 3060 Silvestrem
416 2994 557 3059 flammis
572 3005 605 3059 et
619 2994 701 3059 ferro
714 2995 840 3079 mitiget
853 3015 978 3079 agrum,

214 3094 283 3158 Scit
297 3094 430 3174 Genius,
445 3094 554 3157 natale
569 3114 677 3163 comes
692 3095 748 3179 qui
764 3106 920 3178 temperat
934 3105 1067 3174 astrum,

215 3193 358 3256 Naturae
372 3191 454 3255 deus
469 3192 644 3274 humanae,
659 3194 803 3262 mortalis
818 3196 985 3261 inunum·

214 3290 379 3373 Quodque
393 3300 499 3375 caput,
515 3293 610 3360 vultu
624 3294 799 3376 mutabilis,
813 3296 909 3360 albus
922 3305 955 3358 et
968 3304 1045 3359 ater.

216 3392 302 3471 Utar,
317 3400 348 3453 et
363 3410 406 3455 ex
420 3390 557 3473 modico,
572 3404 735 3477 quantum
750 3414 800 3459 res
812 3404 932 3479 poscet,
947 3413 1063 3459 acervo
1177 3393 1233 3457 ltu

214 3488 356 3573 rl'ollurn,
371 3510 434 3556 nec
448 3502 602 3575 metuam,
618 3494 698 3577 quid
711 3493 755 3557 dc
767 3514 820 3559 mc
830 3493 956 3579 Judioet
968 3494 1069 3575 heres,

634 3724 689 3773 llil.
706 3722 812 3774 daturus.
