2742 4250
459 285 632 338 amram
682 288 780 340 ran„
1058 273 1128 346 291

17 519 18 528 ἵ
130 471 132 474 ·
153 441 365 507 Praetulerim
379 443 512 528 scriptor
525 444 645 508 delirus
660 446 810 530 inersque
825 447 935 529 videri,

153 543 245 606 Dum
260 547 334 606 maa‘
348 541 507 608 delectent
522 544 610 608 mala
624 565 676 609 me
692 547 745 608 vel
760 546 899 630 denique
914 547 1038 628 fallant,

152 645 270 716 Quam
284 661 394 727 sapere
408 653 441 707 et
455 644 546 727 ringi.
592 646 670 709 Fuit
684 646 775 709 haud
790 646 940 728 ignobilis
955 649 1059 731 Argis,

152 744 223 816 Qut
239 763 274 806 se
288 742 439 807 credebat
453 744 550 806 miros
564 744 677 808 audire
693 745 868 829 tragoedos

152 843 191 906 In
207 863 314 907 vacuo
329 843 435 906 laetus
449 863 553 906 sessor
566 843 762 927 plausorque
777 848 919 928 theatro;
1070 847 1133 910 130

153 946 268 1009 Cetera
283 945 340 1026 qui
355 945 442 1008 vitae
457 954 598 1007 servaret
612 945 727 1008 munia
741 957 826 1008 recto

153 1044 252 1123 More,
267 1044 373 1106 bonus
388 1061 466 1106 sane
482 1043 618 1124 vicinus,
635 1045 784 1107 amabilis
800 1045 924 1127 hospes,

152 1143 264 1205 Comis
279 1143 313 1206 in
329 1161 472 1223 uxorem,
488 1152 595 1225 posset
609 1143 666 1225 qui
682 1144 845 1226 ignoscere
860 1146 961 1208 servis

154 1244 198 1306 Et
212 1244 306 1326 signo
320 1241 408 1305 laeso
423 1262 489 1307 non
504 1242 645 1306 insanire
659 1243 814 1326 lagenae3

154 1342 265 1405 Posset
280 1341 337 1424 qui
352 1360 465 1424 rupem
480 1350 512 1404 et
526 1353 661 1424 puteum
675 1344 778 1406 vitare
791 1353 964 1426 patentem.
1070 1346 1132 1409 135

153 1441 216 1503 llic
231 1441 288 1504 ubi
302 1451 514 1522 cognatorum
528 1442 643 1522 opibus
658 1443 808 1524 curisque
823 1442 960 1506 resectus

154 1539 292 1621 Expulit
306 1538 466 1602 helleboro
481 1541 630 1603 morbum
645 1540 807 1623 bilemque
823 1561 957 1622 meraco,

154 1639 198 1703 Et
212 1638 294 1702 redit
308 1637 350 1702 ad
366 1657 454 1702 sese:
477 1639 544 1719 Pol,
560 1659 612 1702 me
627 1639 798 1721 occidistis,
814 1643 919 1721 amici,

154 1739 228 1802 Non
244 1738 404 1818 servastis,
420 1738 473 1818 ait,
489 1738 544 1801 cui
559 1739 605 1801 sie
619 1749 746 1802 extorta
760 1740 910 1822 voluptas

155 1838 199 1901 Et
212 1837 364 1919 demptus
378 1838 515 1922 pervim
530 1838 648 1900 mentis
663 1838 867 1921 gratissimus
880 1859 974 1920 error,
1069 1839 1131 1902 140

17 2003 18 2008 ,
154 1935 320 2000 Nimirum
334 1955 444 2019 sapere
458 1946 507 1999 est
521 1937 652 2020 abjectis
667 1936 745 2000 utile
760 1938 866 2020 nugis,

68 2100 71 2106 ,
155 2037 199 2100 Et
214 2036 442 2119 tempestivum
457 2037 564 2119 pueris
578 2035 752 2100 concedere
766 2027 891 2117 ludum,

155 2139 203 2202 Ae
219 2156 284 2201 non
299 2138 397 2200 verba
412 2137 503 2219 sequi
519 2136 639 2201 fidibus
654 2136 855 2201 modulanda
869 2138 1004 2219 Latinis,

154 2233 221 2301 Sed
235 2255 330 2298 verae
344 2255 559 2318 numerosque
574 2235 753 2318 modosque
766 2236 907 2301 ediscere
922 2238 1017 2300 vitae.

154 2334 318 2407 Quocirca
329 2354 459 2397 meeum
474 2335 586 2417 loquor
600 2336 681 2398 haec
697 2336 879 2419 tacitusque
894 2337 1053 2401 recordor:
1071 2338 1130 2401 lats

150 2434 189 2498 Si
204 2433 261 2498 tibi
277 2424 369 2496 nulla
384 2434 470 2497 sitim
485 2433 591 2498 finiret
605 2435 698 2517 copia
712 2434 877 2518 lymphae,

155 2534 309 2598 Narrares
324 2533 475 2598 medicis:
497 2534 594 2617 quod,
609 2544 733 2617 quanto
747 2536 842 2618 plura
856 2537 984 2619 parasti,

155 2634 266 2697 Tanto
280 2633 374 2716 plura
388 2633 489 2716 cupis,
505 2634 629 2697 nulline
644 2632 770 2697 faterier
783 2636 910 2698 audesl

154 2734 189 2798 si
205 2731 328 2795 vulnus
343 2731 399 2795 tibi
414 2741 591 2795 monstrata
605 2732 714 2797 radice
728 2733 781 2796 vel
796 2734 896 2797 herba

155 2832 229 2896 Non
245 2830 335 2895 fieret
348 2830 461 2911 levius,
478 2826 605 2915 lugeres
619 2831 727 2895 radice
742 2831 794 2894 vel
808 2832 908 2895 herba
1070 2834 1134 2897 150

155 2930 345 2995 Proficiente
360 2931 441 2995 nihil
456 2931 603 2995 curarier.
647 2931 815 3011 Audiens,
831 2930 885 2993 cui

155 3032 239 3095 Rem
254 3030 289 3093 dt
303 3029 467 3110 donarent,
483 3030 530 3094 illi
544 3030 698 3094 decedere
712 3050 848 3114 pravam

155 3130 354 3211 Stultitiam;
376 3140 417 3210 et,
432 3148 510 3193 cum
524 3131 569 3193 sir
583 3130 685 3194 nihilo
700 3129 878 3213 sapientior,
894 3149 1017 3213 exque

155 3231 284 3295 Plenior
297 3250 341 3310 es,
357 3240 467 3293 tamen
482 3230 582 3294 uteris
596 3230 807 3294 monitoribus
822 3230 950 3294 rsdeml

155 3342 198 3394 At
213 3329 240 3393 si
255 3329 387 3394 divitiae
403 3328 594 3413 prudentem
609 3328 740 3393 reddere
755 3342 892 3413 possent,
1074 3332 1130 3394 tet

155 3432 189 3495 Si
205 3428 363 3513 cupidum
378 3428 592 3512 timidumque
607 3430 717 3493 minus
732 3440 771 3510 te,
787 3450 904 3514 nempe
919 3430 1058 3511 rubercs,

157 3530 285 3593 Viveret
299 3529 334 3593 in
349 3529 438 3593 terris
454 3539 484 3592 te
499 3530 526 3593 si
541 3528 615 3611 quis
630 3530 756 3593 avarior
771 3548 845 3594 uno.

156 3630 190 3693 Si
206 3628 369 3714 proprium
383 3639 440 3709 est,
456 3628 544 3711 quod
560 3631 634 3712 quis
648 3628 730 3692 libra
744 3639 905 3692 mereatur
918 3638 950 3690 et
964 3648 1046 3708 aere,

157 3728 342 3811 Quaedam,
358 3729 385 3793 si
400 3728 503 3793 credis
518 3728 682 3810 consultis,
698 3728 862 3813 mancipat
878 3746 977 3809 usus3
